2859 5067
522 233 602 328 quia
617 228 703 323 apud
715 229 867 296 homines
884 227 1056 297 meliorum
1070 184 1252 298 litterarirm
1266 232 1321 300 rud

522 333 653 406 ritatem
670 325 869 423 consequuta
889 327 944 420 est,
971 349 1005 397 vt
1024 333 1180 422 quisque,
1212 336 1270 424 qui
1294 331 1317 400 li

525 429 645 528 plicare
665 452 763 523 atque
787 427 963 521 intelligere
983 428 1086 506 vellet,
1111 451 1149 496 ea
1179 453 1321 501 uteretur

523 535 686 628 quoniam
704 534 740 598 in
765 539 913 622 margine
934 528 1125 597 collocatur.
1181 540 1313 600 Auctor

526 654 681 703 seruvs
714 652 899 706 ersusor
936 627 1010 708 siue,
1036 651 1070 697 vt
1094 628 1135 697 ab
1160 630 1232 699 aliis
1257 657 1321 701 voc

520 732 591 830 ipsa
606 727 708 826 glolla
727 731 795 800 hac
812 735 855 797 ita
873 728 1053 824 compofita
1072 730 1126 810 est,
1150 755 1184 798 vr
1207 756 1279 800 non
1304 759 1321 802 o

515 831 615 929 gloffe
632 834 713 902 tueri
732 826 838 928 poffit.
890 829 1064 899 Exhibetur
1087 827 1165 922 saepe
1187 856 1321 903 comme

520 957 594 1004 non
621 931 714 1015 satis,
740 935 786 1002 vti
813 928 883 999 fieri
907 929 1063 1006 debebat,
1095 932 1319 1028 explicantur:

516 1031 720 1117 adferuntur,
745 1055 849 1128 quaea
865 1028 954 1100 sensu
971 1028 1099 1099 litterali
1116 1030 1285 1102 discedunt
1299 1061 1318 1102 v

519 1159 591 1232 que
611 1132 739 1203 nullum
767 1152 975 1200 momentum
999 1131 1139 1207 habente
1165 1155 1227 1203 nec
1249 1135 1292 1203 ad

521 1255 611 1308 nent.
661 1227 773 1302 Glolla
794 1231 861 1300 hac
878 1232 987 1326 postea
1010 1255 1105 1300 aucta
1127 1231 1171 1301 est
1186 1253 1321 1329 atquea

519 1327 699 1410 breuiffima
722 1327 846 1428 glolla,
870 1355 940 1426 qua
962 1356 1065 1428 quum
1083 1335 1169 1401 inter
1191 1355 1296 1405 textus
1317 1338 1321 1405 l

518 1435 588 1522 bat,
606 1431 785 1532 adpellatur
799 1433 1027 1515 interlinearis,
1053 1430 1094 1501 ab
1107 1458 1136 1501 or
1146 1438 1278 1506 dineria
1290 1462 1321 1532 pr

518 1541 606 1610 Vitia
621 1535 733 1630 habet,
757 1557 834 1604 cum
849 1534 1016 1602 ordinarie
1031 1539 1234 1604 communia.
1298 1544 1321 1606 ll

520 1638 612 1711 cibus
629 1633 869 1709 obscurioribus
882 1634 1078 1729 explicandis
1098 1655 1197 1729 atque
1209 1637 1318 1707 indica

519 1737 638 1814 licenti
666 1742 776 1808 minus
793 1757 903 1806 aurem
923 1735 1092 1828 diligenter
1117 1736 1181 1804 hoc
1200 1736 1321 1806 ollendr

516 1837 669 1929 mysticos
684 1835 823 1908 sectarur
849 1860 887 1906 ac
902 1834 998 1932 plane
1012 1841 1136 1930 ineptas
1152 1835 1258 1905 adfert
1274 1861 1321 1930 ety

514 1959 572 2032 pta
599 1937 643 2007 est
663 1933 759 2034 gloffe
782 1937 851 2007 haec
878 1935 1093 2008 interlinearis
1115 1934 1157 2004 ab
1195 1959 1321 2006 auser

514 2043 599 2138 Qut
620 2059 860 2116 memorantur,
887 2037 1046 2108 editiones
1063 2034 1169 2130 glollae
1192 2039 1321 2107 ordinat

514 2137 643 2209 stonum
656 2135 747 2206 sunt:
770 2134 967 2230 Noribergae
990 2141 1316 2211 Mccccxc111.Ven

513 2238 706 2332 Noribergae
735 2254 968 2309 mccccxcvl.
986 2234 1048 2309 fol.
1073 2237 1123 2306 sex
1138 2236 1321 2308 voluminib

510 2363 714 2438 ,atqueanno
729 2334 790 2405 fol.
811 2334 911 2404 tribus
931 2334 1174 2407 voluminibus:
1202 2339 1321 2409 Balilea

510 2440 572 2518 fol.
589 2438 640 2511 sex
657 2435 900 2507 voluminibus:
925 2434 1047 2505 Parisiis
1075 2457 1237 2512 MDXXIV.
1262 2438 1321 2511 fol.

511 2545 594 2617 bus:
633 2537 784 2631 Lugduni
809 2553 999 2608 uoxxvur.
1034 2557 1180 2612 unxuv.
1209 2536 1269 2612 fol.
1299 2553 1321 2612 u

510 2647 653 2718 veneriis
676 2653 916 2771 uuurr'xvaur.
941 2633 999 2769 ¹fol.
1028 2662 1171 2731 quatuor
1189 2639 1321 2711 volumi

543 2757 707 2771 ..-mmm
760 2761 775 2771 .
844 2759 879 2770 ...-
896 2759 937 2770 ...
955 2739 1137 2769 ..-ἵ-1....
1169 2745 1196 2769 ἢ
1265 2746 1269 2756 ·
1299 2763 1306 2768 .
