2859 5067
342 438 620 488 rauouootna
653 434 945 485 atroarteae.
1004 415 1044 475 -'
1167 416 1239 499 879

418 530 1231 559 ...Μ

85 600 299 671 ‘amonium
328 594 542 687 euangelicum
570 592 736 684 condere,
770 615 807 665 ea
835 598 984 678 ratione,
1020 614 1055 665 vt
1083 597 1237 667 omnium

117 696 374 771 harmoniarum
389 688 653 787 euangelicamm
669 688 789 775 classes,
814 716 915 788 prout
926 694 985 763 illa
999 693 1176 767 secundum
1186 693 1238 764 di-

90 880 93 885 ,
118 799 253 871 uersum
274 796 473 891 paschatum,
497 800 534 863 ita
553 814 680 889 tempus
698 793 865 863 ministerii
883 795 990 865 christi
1007 796 1236 879 incidentium,

123 923 304 971 numerum
325 899 527 965 concinnata
545 891 628 975 sunt,
651 895 815 965 exhiberet
829 918 866 963 ac
887 920 958 990 quae
976 919 1089 967 earum
1101 894 1236 967 consen-

122 998 193 1071 fio:
218 1022 289 1094 φιτ
310 992 455 1067 dissensu
471 993 526 1075 fit,
551 995 754 1077 ostenderet,
779 1018 843 1063 vna
867 1020 942 1065 cum
962 1018 1049 1065 textu
1072 996 1237 1091 euangeli-

88 1126 99 1163 ν.
122 1102 248 1173 starum
264 1122 369 1192 grato
389 1096 562 1176 arlatino,
584 1097 777 1165 harmonice
801 1120 857 1190 per
876 1096 1047 1166 columnas
1066 1096 1234 1192 dispostto.
1253 1142 1263 1157 ,

85 1278 87 1285 ,
125 1206 222 1296 Opus
242 1200 307 1267 hoc
327 1197 431 1266 lucem
450 1196 538 1265 haud
558 1195 710 1291 adspexit.
763 1201 1013 1267 Commentario
1035 1220 1122 1266 ame
1143 1220 1236 1267 com·

122 1322 320 1389 memorata,
341 1299 443 1367 multa
462 1296 708 1393 complectitur,
732 1321 805 1394 φιτ
822 1296 963 1368 lectione
981 1299 1080 1392 digna
1098 1292 1191 1367 sunt:
1216 1299 1237 1340 *

189 1422 337 1471 craocr
363 1422 675 1469 arturunnrtur
713 1421 745 1471 ι,
780 1422 814 1466 a.
837 1420 890 1467 na
916 1420 1135 1478 currerent
1163 1398 1238 1470 bat·

119 1509 223 1577 mie
243 1502 311 1571 ond
325 1502 499 1599 ausleguttg
514 1499 577 1570 dtr
594 1500 729 1593 hetligen
745 1504 816 1568 viar
836 1498 1056 1593 euangelistae
1083 1499 1159 1571 oder
1181 1496 1237 1569 dir

115 1601 278 1702 fibristtn
297 1601 357 1672 der
373 1599 601 1697 euangelista,
625 1608 660 1668 ἐκ
684 1606 753 1669 cine
771 1595 1067 1695 aufitmntenfugtmg
1083 1595 1236 1696 gebracht

124 1706 195 1776 emd
208 1702 291 1775 nach
308 1702 409 1771 t'ltrtm
424 1701 653 1793 lvorturrsland
673 1724 734 1770 von
747 1700 873 1793 vtrficttl
891 1692 933 1768 au
948 1698 1074 1793 verficul
1086 1702 1234 1784 erklr'lret,

96 1838 104 1865 ι
113 1802 204 1905 sumt
230 1805 351 1874 deraret
374 1802 687 1895 geaogmNebrtn
714 1804 782 1871 vad
802 1797 1001 1871 erbault'cbrn
1031 1803 1235 1871 annuerun-

118 1930 197 2005 gen,
223 1925 319 1973 ceter.
355 1900 447 1970 Halae
483 1920 701 1975 Moccxvttt.
727 1905 893 1971 etiterum
924 1918 1150 1974 rtoccxxvrt.
1174 1898 1236 1970 fol.

125 2011 245 2077 Praeter
258 2000 490 2096 praefationem·
499 2000 540 2069 de
555 2001 667 2097 scopo,
684 2005 823 2081 ratione,
836 1999 889 2071 vsu
906 2026 944 2071 ac
959 1996 1141 2071 netellltate
1157 2023 1237 2096 ope·

105 2109 174 2177 'ris
195 2104 311 2192 huius,
338 2098 490 2196 pramilla
510 2101 554 2171 ell
569 2102 774 2171 introductio
796 2108 830 2170 in
849 2126 992 2196 quatuor
1012 2100 1236 2195 euangelistae,

123 2228 195 2301 qua
213 2202 315 2273 multa
334 2202 374 2271 de
393 2202 603 2295 euangelistis.
627 2202 758 2272 historia
777 2224 873 2297 atque
889 2208 1156 2297 interpretatione
1177 2224 1237 2270 eo·

121 2328 199 2377 rum
228 2303 351 2373 erudite
377 2323 476 2398 atque
501 2303 655 2372 adcurate
682 2304 887 2398 disputantur
921 2328 1089 2399 quumque
1119 2322 1236 2371 auctor
1282 2294 1285 2301 ’

118 2409 223 2479 etiam
241 2404 282 2473 de
301 2403 492 2473 eorumdem
513 2405 687 2474 harmonia
705 2401 825 2473 disserit
847 2428 884 2471 ac
902 2409 1082 2498 praecipuos
1098 2400 1236 2497 scripto·

119 2530 174 2580 ret
196 2506 408 2574 harmonicus
431 2503 597 2587 recenset,
645 2504 676 2575 se
707 2503 901 2573 sententiam
922 2504 1061 2572 Andreae
1082 2501 1235 2571 Osiaudri

85 2672 89 2683 ‚
121 2628 223 2700 atque
235 2629 376 2685 eorum,
421 2609 477 2699 qui
494 2603 586 2674 illum
602 2601 790 2698 sequuntur,
816 2626 932 2672 omnes
952 2601 1234 2696 euangelistaeret

120 2704 295 2779 seruatoris
313 2706 431 2773 ordine
453 2724 640 2799 temporum
665 2698 816 2785 narrasse,
834 2708 975 2773 maxime
993 2703 1134 2797 probate
1151 2698 1236 2773 sate·

122 2826 178 2877 tur
195 2806 410 2899 eamdemque
422 2804 604 2873 rationibus
621 2802 821 2872 firmioribus
840 2827 909 2871 non
924 2802 1028 2873 solum
1043 2800 1234 2895 confirmate
1260 2802 1263 2807 ’
1342 2820 1346 2829 ’

122 2927 243 2977 verum
262 2909 361 2973 etiam
380 2903 419 2971 ad
438 2928 475 2971 ea
493 2902 676 2997 respondet,
699 2927 769 2997 quae
787 2902 999 2976 obiiciuntut.
1048 2908 1235 2974 Harmonia

94 3046 98 3059 ·
121 3006 191 3100 ipsa
217 3004 346 3073 exhibet
359 3024 482 3072 textum
503 3003 796 3095 euangelistarum:
826 3002 970 3072 eiusdem
991 3008 1235 3099 interpretatio·

123 3128 203 3175 nem
227 3127 265 3173 ac
279 3103 436 3197 dogmata
452 3100 528 3172 fidei
549 3107 698 3198 vitaque,
716 3127 788 3197 φιτ
805 3102 937 3172 historia
955 3104 1144 3198 euangelica
1158 3101 1234 3199 sup.

119 3205 257 3303 peditat.
331 3206 538 3296 Argumenta
567 3201 740 3295 fingularia
776 3227 1031 3299 nonnumquam
1062 3204 1234 3299 diligenter

121 3304 340 3402 explanantur
354 3302 493 3397 suntque
519 3326 569 3386 ea,
595 3328 665 3399 qua
684 3303 726 3372 ad
746 3300 963 3399 philologiam
978 3303 1111 3389 sacram,
1140 3306 1234 3377 theo·

118 3406 246 3500 logiam
262 3404 498 3497 dogmaticam,
509 3402 719 3498 polemicam,
736 3404 895 3474 moralem
908 3409 1081 3499 pertinent.
1107 3408 1234 3479 Onna

87 3507 188 3579 :hac
203 3505 407 3575 Canlleinius
429 3507 475 3573 ita
497 3506 661 3573 enarrauit
686 3527 725 3573 ac
757 3503 966 3599 persequutus
987 3505 1048 3590 est,
1070 3526 1106 3577 tt
1127 3504 1235 3577 saten·

118 3606 199 3677 dum
219 3605 275 3689 stt,
299 3604 392 3674 illum
413 3602 604 3673 industriam
625 3628 723 3700 atque
751 3605 988 3689 eruditionem,
1015 3630 1090 3677 cum
1114 3610 1233 3700 pietate

118 3712 361 3787 coniunctam,¹
386 3700 573 3775 monstrasse
592 3728 663 3773 non
690 3706 909 3776 mediocrem:
926 3707 1024 3791 ¹haud
1049 3706 1233 3802 quidquam

87 3840 90 3845 ·
118 3801 356 3905 praetermisisse,
380 3804 471 3900 quod
491 3804 531 3873 ad
553 3805 761 3875 harmoniam
784 3808 1053 3899 euangelillarum
1071 3804 1232 3874 illustran-

118 3906 199 3976 dam
218 3926 315 4000 atque
328 3905 482 3977 adcurate
499 3904 721 3975 instruendam
747 3903 854 3975 facere
875 3905 991 4000 potest.
1069 3910 1162 4000 Opus
1186 3909 1234 3975 ita

117 4002 264 4107 confecit
291 4011 482 4101 egregium,
516 4002 717 4077 vrilrffinum
745 4014 906 4100 omnique
941 4010 1235 4079 commendatione

120 4148 124 4153 ·
174 4148 178 4153 ·
224 4150 229 4157 ·
1084 4107 1233 4201 dignum.

85 4336 87 4347 Ι
106 4330 135 4411 ἦ.
151 4386 218 4429 τω
236 4332 357 4443 ltlltsehe
370 4364 511 4429 bitunia
531 4369 631 4431 volam.
647 4388 698 4432 tt.
716 4386 745 4446 p.
768 4371 838 4439 267.
865 4367 1033 4513 t·rt[cbrtldigr
1049 4364 1230 4443 nardrkbtrtt,

85 4480 100 4515 ·;
115 4452 279 4619 ·.ἷ);ι1167.7φο
293 4468 366 4529 445.
396 4470 537 4595 aranea
553 4454 660 4537 figogt
686 4450 725 4516 ad
739 4449 821 4513 raet.
840 4454 958 4532 merl.
983 4452 1003 4512 li
1020 4472 1045 4513 r.
1064 4470 1108 4513 tt.
1128 4464 1186 4532 erp.
1202 4461 1230 4521 t.
