2859 5067
195 366 273 438 264
505 366 597 418 ear.
636 364 733 411 vrri.
778 365 830 411 ot
863 362 1066 410 tetrarte

216 451 1197 510 -ae-———---·---·-··-·,r·····†

249 524 400 622 restoring
433 522 486 594 tbe
522 538 600 589 true
636 537 709 589 text
740 519 778 613 os
805 519 857 590 the
895 517 949 590 oid
987 515 1149 607 tellement
1162 529 1197 606 ul

250 643 467 705 tinccxxnl.
495 632 529 706 8.
559 621 581 662 *
619 620 727 716 ipsum
757 645 986 690 cartrzovtt·
1008 643 1095 712 opus
1113 623 1189 708 cr'n

251 731 340 799 dicio
363 748 465 818 eaque
482 722 669 792 eruditione
686 747 726 790 ac
745 721 909 816 diligentia
921 718 1078 814 seriptum
1097 719 1151 796 ell.

253 855 323 900 rem
347 826 619 896 existimationem
640 833 679 892 ac'
701 823 833 892 laudem
852 824 979 890 auctori
1004 819 1146 888 concilia
1188 815 1191 822 ’

250 925 464 1026 principalem
483 923 598 994 locum
610 929 697 994 inter
713 928 845 994 criticos
865 921 972 991 sacros
985 917 1114 993 fecerit.
1158 921 1197 1008 NJ

252 1030 315 1100 tile
331 1027 440 1096 calere
458 1024 575 1120 potest,
599 1029 708 1120 quiin
724 1024 836 1093 litteris
855 1025 904 1092 his
916 1024 1089 1116 ingenium
1106 1018 1197 1094 suuni

251 1129 375 1224 [ibique
398 1126 641 1196 adcurationem
659 1124 791 1195 illarum
813 1127 1040 1218 coguitionem
1054 1125 1197 1216 compad

250 1254 345 1302 mum
361 1226 506 1297 induxit:
1183 1255 1190 1274 ⁴

328 1353 384 1399 to.
438 1349 623 1398 uenturi
672 1347 888 1396 tencteri
932 1321 1110 1422 adparatus
1150 1327 1197 1392 eri

252 1454 370 1502 nouum
388 1425 618 1521 testamentum,
642 1427 754 1521 crileos
772 1427 871 1518 fiacrae
887 1427 1120 1524 compendium,
1147 1425 1197 1494 liu

252 1531 445 1628 plementunt
459 1553 497 1597 ac
508 1527 660 1619 fructum
681 1522 851 1614 exbibens,
877 1551 954 1596 cura
970 1523 1106 1623 Philippi
1119 1529 1197 1596 Dari

253 1633 315 1712 bii,
338 1628 497 1722 Tubingae
522 1645 736 1701 MDcctxlu.
757 1649 794 1720 4.
822 1627 946 1696 Prodiit
962 1627 1139 1726 adparatus
1154 1627 1197 1696 lrit

254 1754 334 1802 cum
395 1750 609 1800 renuerit
661 1751 743 1796 nerto
795 1726 972 1818 talamonte
1019 1752 1155 1824 greco,
1185 1733 1187 1738 '

252 1847 496 1904 MDccxxxw.
521 1853 566 1914 4.·
578 1827 863 1922 quemadmodum
873 1827 967 1923 supra
985 1825 1026 1873 **
1046 1852 1065 1896 a
1082 1823 1197 1897 merel

254 1931 367 2027 postea
387 1952 496 2000 autem
515 1925 658 1998 Burbius
676 1932 825 2010 curauit,
851 1951 886 1998 vt
909 1928 962 1998 ille
981 1951 1157 2021 augeretur
1177 1951 1197 1996 a

257 2035 320 2100 tim
334 2030 441 2099 lucem
456 2026 645 2121 adspiceret.
692 2029 832 2098 Aecellrt
850 2053 924 2124 pars
941 2050 1070 2123 quarta,
1095 2051 1136 2098 ex
1158 2025 1197 2098 ali

257 2130 295 2202 lii
315 2128 447 2224 scriptis,
474 2153 545 2223 quae
570 2129 612 2197 ad
631 2130 778 2198 criticam
801 2135 884 2198 noui
908 2130 1087 2200 testamenti
1104 2131 1197 2224 pertii

239 2229 398 2325 ·ligenter
416 2228 565 2310 collecta,
587 2231 634 2298 vti
650 2223 746 2298 sunt:
766 2229 955 2327 prodromus
973 2236 1050 2300 uuut'
1065 2227 1197 2320 restauret

257 2351 346 2404 reete
362 2348 513 2429 cauteque
527 2327 726 2409 adornandi,
752 2348 982 2406 MDCCXXXV.
1007 2331 1135 2399 editus:
1165 2353 1197 2400 tu

236 2431 434 2528 testamenti
444 2436 553 2528 greci,
578 2450 663 2500 recte
692 2447 845 2527 cauteque
873 2431 1037 2515 adornati,
1058 2427 1153 2501 breui
1176 2451 1197 2530 p

262 2533 420 2628 Tubingae
447 2549 662 2614 MDchxxL
683 2530 829 2626 prefatio
847 2532 892 2600 ad
908 2531 1081 2603 editionem
1106 2539 1180 2603 noui

258 2643 435 2706 minorem:
461 2632 591 2727 defensso
606 2638 683 2702 noui
699 2630 873 2724 testamenti
881 2640 993 2729 greci,
1007 2652 1197 2708 MDCCXXX

259 2759 393 2804 examen
406 2759 557 2803 canonum
573 2740 762 2802 criticorum
778 2732 980 2824 Mnssrichti:
1007 2742 1162 2805 tractatio
1187 2764 1197 2802 a

258 2851 330 2904 tate
346 2842 421 2904 noui
435 2833 610 2923 testamenti
622 2843 723 2928 greci
738 2835 866 2918 tuenda,
892 2834 984 2903 Halae
1010 2853 1159 2910 MDCCL.
1178 2857 1194 2902 e

258 2936 364 3004 uitula
386 2942 463 3003 noui
491 2932 667 3025 testamenti
688 2942 812 3029 greci:
842 2932 949 3005 tabula
975 2935 1142 3005 lectionum
1162 2959 1197 3006 vt

261 3037 400 3106 locorum
417 3036 651 3132 parabclortim,
672 3038 854 3107 niitularum
871 3040 1059 3105 criticurum
1078 3057 1110 3105 et
1126 3059 1197 3130 txeg

258 3139 312 3208 De
332 3133 462 3229 reliquis
484 3156 588 3203 taceo.
616 3141 669 3179 *⁴¹*
701 3138 902 3206 Doctiffimis
923 3141 1009 3224 viris,
1034 3136 1075 3205 de
1089 3142 1197 3205 critica

263 3262 328 3334 que
347 3239 462 3307 vetetis
485 3235 666 3304 testamenti
686 3240 812 3328 optime
830 3242 953 3306 meritis
981 3259 1080 3333 atque
1101 3262 1120 3306 a
1143 3261 1194 3306 me

263 3341 422 3436 precipue
455 3360 509 3404 to.
539 3359 896 3404 cnursronnonvs
933 3361 1119 3406 Wonrrvs
1152 3337 1197 3404 ad:

261 3441 323 3510 dus
341 3437 395 3514 ell.
418 3440 474 3533 qni
496 3439 646 3530 quamuis
670 3459 742 3502 non
764 3434 916 3528 fingulari
939 3462 1056 3532 opera3
1078 3438 1132 3507 sed
1152 3437 1197 3506 dat

261 3537 443 3619 omniunt,
471 3540 618 3632 inprimis
633 3531 820 3605 bibliothece
836 3535 937 3606 cbraeae
954 3553 1051 3633 parte
1065 3536 1197 3628 sectanda

264 3647 380 3718 mentis
401 3643 517 3710 critice
549 3639 644 3708 huius
668 3659 908 3706 commentatus
932 3637 990 3726 srt;
1029 3639 1134 3708 multa
1159 3662 1197 3708 tat

264 3747 369 3840 cupiri
383 3738 512 3836 copiose
534 3759 631 3831 atque
653 3741 781 3828 egregie
798 3744 983 3822 enarrauit,
1010 3744 1054 3808 ita
1076 3762 1111 3807 vt
1129 3743 1184 3833 qui

262 3843 416 3920 teutlint.
441 3838 523 3909 bene
543 3837 598 3907 fibi
620 3835 802 3915 conl’ulant.
837 3838 899 3928 'Ad
918 3841 1070 3910 eumdem
1085 3840 1197 3909 locum

264 3949 405 4018 redeunt:
436 3961 557 4012 nerui
591 3961 805 4006 turnonii
830 3939 997 4036 pbilologia
1005 3938 1104 4036 fiacru
1119 3939 1197 4009 utto

220 4175 1197 4226 --·--·“-·-·“····“·······’··--“·““““·-·

266 4297 283 4328 *
308 4275 471 4343 uincitur
486 4293 537 4334 tou
554 4277 627 4332 titur
648 4271 784 4347 bilbilcben
799 4272 937 4335 bibliothec
956 4273 1054 4335 volum.
1074 4292 1121 4334 ru.
1145 4293 1173 4350 p.
1194 4313 1197 4324 ·

266 4377 324 4494 :i
337 4389 499 4516 'eliasu
526 4437 639 4524 tbrolog.
657 4435 794 4499 bibliothec
820 4438 918 4502 volunt.
938 4461 984 4500 iv.
1004 4460 1032 4518 p.
1049 4457 1100 4517 99.
