2859 5067
197 579 270 648 822
508 575 597 627 cn.
622 572 727 626 vm.
791 569 845 619 DE
875 569 1062 620 semri!

370 677 620 700 ..ῆι-..μια-
646 679 649 684 ·
694 673 1120 692 ..Ι-ᾖ..-

324 739 379 784 10.
406 739 599 786 Mercuri
619 713 747 812 scripta
769 711 936 810 insciente
949 719 1120 810 [eripitur

262 839 335 910 quae
352 817 482 888 diuersis
504 816 732 886 voluminibus
748 840 791 902 ac
811 813 920 885 titulis
941 817 979 884 in
992 813 1120 906 lucent}

263 917 400 988 ordine:
427 918 469 1007 1.)
489 927 738 988 exercitationes
755 915 922 1000 euneos
936 939 950 994 ‚·
966 915 1034 1004 fine
1050 911 1119 1004 seire

263 1020 386 1086 tionum
403 1027 595 1088 textuatiram
610 1039 709 1118 atque
723 1025 927 1098 orationum,
947 1021 985 1083 in
998 1013 1119 1084 aeadan

265 1116 736 1214 oiimbabitartam‚saseieraitar,
756 1121 951 1210 Groningae
980 1131 1120 1188 MDcht

267 1214 349 1286 duni
376 1224 577 1290 Batauorum
610 1239 732 1292 Μῦες.
764 1231 785 1302 8
848 1223 939 1314 Quae
973 1214 1120 1286 exhibent

270 1317 369 1387 nibus
388 1325 495 1414 agitur
512 1321 552 1390 de
571 1344 670 1415 poenn
690 1319 837 1390 excidii:
865 1319 911 1386 de
931 1315 1117 1410 adparirion

268 1413 392 1488 statutis
422 1443 492 1490 non
526 1421 649 1490 bonis:
685 1421 727 1490 de
747 1414 916 1514 promiffo
943 1417 1022 1485 Ehe
1049 1416 1120 1483 adut

271 1519 432 1617 imario,
461 1520 501 1590 de
520 1521 667 1591 celibatu
684 1520 808 1590 Paulli:
838 1519 881 1588 de
904 1515 1040 1611 templis
1068 1515 1120 1584 chr

270 1613 435 1710 baptismo
459 1645 520 1714 pro
545 1626 703 1703 mortuis,
733 1627 807 1716 que
832 1639 1038 1711 argumenta
1059 1620 1103 1685 ira

271 1715 447 1789 illustribus
464 1721 625 1817 scripturae
642 1721 736 1792 dictis
763 1720 818 1790 lux
845 1717 1034 1792 adferatur.
1085 1721 1120 1786 In

270 1814 431 1902 Craffetii,
457 1821 574 1892 iesuitae
591 1820 781 1917 parisiensis,
792 1823 943 1916 repetita
960 1821 1090 1912 ineptire
1106 1816 1120 1884 ε’

274 1918 357 1988 culis
387 1921 626 2017 exploduntur:
655 1929 676 1965 ⁸
715 1921 776 2012 11.)
811 1929 1070 1990 exercitationes
1098 1940 1120 1983 n

264 2013 456 2113 selectarum
481 2019 726 2121 disputationum
748 2043 847 2120 atque
865 2028 1067 2103 arationum,
1090 2025 1120 2086 in

273 2127 375 2212 ningo
407 2123 582 2192 omiondt'ca
597 2123 792 2206 habitorum,
798 2122 992 2214 falciculas,
1006 2119 1117 2190 Arnste

274 2230 310 2300 8.
339 2220 393 2289 vbi
418 2247 533 2316 praeter
565 2225 640 2302 alia.
668 2223 917 2294 obseruationes
941 2219 1101 2292 textuales

274 2325 392 2388 veteris
415 2346 448 2391 er
469 2329 550 2392 noui
572 2327 751 2394 testamenti
775 2325 968 2393 habentur:
1004 2327 1081 2408 ΙΙΙ.)
1104 2340 1116 2388 t

276 2429 414 2502 tationes
431 2429 475 2492 ad
488 2433 725 2522 qninquaginta
733 2424 846 2514 selecta
866 2427 932 2494 ioca
950 2430 1076 2493 veteris
1097 2446 1120 2489 er

277 2527 329 2601 ti,
356 2547 432 2593 cum
452 2531 606 2595 oratione
629 2527 669 2596 de
695 2523 804 2596 debito
820 2523 991 2618 [ocenum
1008 2525 1120 2619 leriprr

231 2671 234 2675 -
276 2624 384 2702 tione,
409 2626 647 2696 Amstelodarni
672 2647 862 2702 ntncxclv.
887 2651 924 2714 4.
971 2624 1091 2720 quibus
1116 2627 1120 2689 i

276 2728 406 2815 generis
427 2750 465 2796 ex
484 2726 576 2796 dictis
596 2728 719 2796 codicis
737 2725 816 2796 sacri
832 2747 1052 2796 enarrantur:
1078 2724 1117 2792 de

276 2826 314 2892 in
324 2823 485 2895 isaacum:
513 2827 552 2896 de
575 2829 735 2897 miraculo
753 2852 823 2896 non
849 2827 1049 2896 detritorum
1069 2825 1120 2892 vei

279 2924 469 2996 calceorum
492 2933 527 2996 in
551 2927 698 2998 deserto:
730 2928 770 2998 de
792 2928 931 2998 solemni
949 2949 1066 3018 regunt
1086 2923 1120 2993 Ii'r

231 3069 234 3074 -
281 3023 325 3092 de
357 3026 529 3122 multipiici
559 3028 730 3099 seruatoris
763 3034 942 3097 vncrione:
983 3028 1024 3097 de
1056 3025 1120 3094 dnn

279 3147 365 3217 quos
392 3128 526 3197 christus
546 3151 644 3224 atque
666 3130 804 3225 apostoii
830 3130 992 3222 benignos
1015 3125 1046 3196 se
1070 3151 1120 3220 pra

281 3224 434 3317 malignis
453 3227 614 3321 spiritibus
640 3255 714 3301 vere
740 3226 879 3300 obsessos
900 3224 1017 3298 fuiffe:
1047 3228 1120 3296 det

280 3349 357 3393 rurn
376 3332 411 3394 in
432 3327 580 3422 baptismi
597 3331 877 3401 administratione
898 3330 1065 3399 adhibita:
1102 3327 1120 3394 d

279 3448 316 3492 ra
338 3427 477 3504 restibus,
507 3455 544 3498 ac
561 3431 667 3525 plures
688 3433 776 3502 aliae:
806 3433 846 3474 *⁴¹
876 3432 948 3521 IV.)
970 3436 1120 3523 exegetic.

279 3527 326 3592 od
348 3535 587 3626 quinquaginta
595 3527 709 3625 selecta
728 3536 791 3602 ioca
811 3538 929 3601 veteris
944 3549 975 3599 et
996 3537 1071 3599 noui
1091 3549 1120 3618 te

277 3624 332 3694 dit
352 3638 456 3694 oratio
475 3633 514 3696 de
534 3631 740 3730 exspectanda
765 3634 869 3702 adhue
890 3638 925 3699 in
955 3641 1058 3700 terris
1084 3655 1120 3697 er·

281 3727 521 3798 Amstelodami
550 3753 751 3807 nrocxcvn.
780 3763 814 3819 r.
853 3755 993 3827 quarum
1025 3754 1120 3822 argui

279 3823 375 3896 sunt:
404 3827 444 3896 de
460 3829 574 3900 diluuii
592 3833 780 3904 vniuersalis
803 3833 930 3902 modo:
956 3831 997 3901 de
1026 3829 1120 3901 transi

278 3947 339 4017 per
362 3952 452 3998 mare
468 3934 685 4005 miraculoso:
718 3934 757 4004 de
776 3929 955 4025 teraphim:
983 3932 1024 4002 de
1043 3955 1120 4026 pror

238 4075 243 4082 .
275 4028 320 4092 cii
342 4047 491 4122 ternpore
512 4035 768 4126 apostolorum:
819 4034 859 4103 de
882 4032 1037 4101 dominio
1058 4056 1120 4125 ang

275 4128 405 4195 tninum
427 4135 461 4196 in
490 4133 655 4205 ecclesiam
676 4138 793 4206 veteris
814 4134 1009 4215 testamenti,
1038 4155 1115 4228 atqu

271 4219 358 4294 blica
383 4237 627 4306 exercitationes
654 4239 701 4308 ad
725 4241 967 4336 qninquaginta
977 4230 1120 4330 selecta.

129 4491 135 4514 r
221 4475 1118 4510 m—-U———ffl—-t

241 4545 363 4650 .fieta
389 4559 524 4620 eruditor.
547 4571 947 4650 unoexxxvri.1r.·377·
1006 4575 1009 4580 ’

314 4635 414 4701 rieden
436 4663 624 4716 revertere.
648 4671 678 4732 p.
702 4671 771 4728 234.
