2859 5067
335 428 611 484 rnnoroerae
641 386 931 476 execution.
964 458 966 463 .
1157 408 1233 498 735

85 522 682 563 Μ
1134 554 1138 569 Ι
1163 546 1165 550 .
1336 546 1338 551 .

182 604 239 653 ro.
272 599 455 650 nnrvrrrr
483 577 733 645 commentarius
747 576 784 639 in
795 567 954 670 epistolant
968 567 1233 665 rainonem

117 676 279 776 indicibus
298 671 529 776 locupletiffimr's
553 691 586 743 et
612 668 802 772 quibusdam
819 667 936 741 tabulis
958 678 1049 742 aerreir
1065 670 1233 774 elegendis·
1283 760 1288 779 ι

107 782 211 878 fimir,
235 778 472 853 Amstclodami
492 793 644 849 moccv.
669 797 704 865 4.
735 772 886 841 Eruditus
902 771 955 843 ille
972 773 1016 843 est
1031 799 1069 844 ac
1084 777 1233 850 luculen-

120 903 185 954 tus.
236 878 421 981 Quomodo
444 874 567 971 singula
589 879 696 971 capita
722 897 903 969 eorumque
932 871 1058 944 versusr
1095 876 1237 974 singula·

120 1009 196 1055 rum
220 979 484 1080 propositionum
494 996 630 1072 partesr
663 974 727 1045 srue
749 971 889 1043 subiecta
905 998 943 1043 ac
964 976 1149 1070 pradicata,
1174 1004 1236 1051 co.

120 1085 278 1176 barcam,
306 1085 463 1151 Braunius
477 1076 627 1147 ostendit.
674 1074 859 1144 Verborum
878 1072 1129 1167 significationes
1146 1104 1238 1168 nunc

124 1209 165 1255 ex
185 1182 390 1280 philologiam
417 1202 505 1247 nunc
524 1200 563 1246 ex
582 1179 827 1271 antiquitatum,
849 1173 1012 1246 sacrarum
1027 1203 1067 1248 ac
1078 1177 1239 1275 profana·
1327 1233 1332 1243 .

121 1310 209 1373 rum,
226 1280 438 1353 monimentis
461 1281 554 1348 eruit.
601 1276 752 1347 Exhiberi
767 1275 901 1369 epistola
922 1278 983 1346 hac
1001 1281 1238 1375 compendium
1292 1364 1294 1379 Ι

123 1379 298 1479 theologiae
316 1389 483 1475 utriusque
504 1375 650 1467 foederis,
675 1377 834 1446 exillimat
851 1397 949 1471 atque
967 1402 1006 1447 ex
1023 1380 1137 1453 eadem
1151 1379 1239 1452 soci.

125 1491 304 1557 arianorum
324 1506 422 1576 atquc
440 1481 580 1548 aliorum
598 1475 858 1548 aduersariorum
880 1501 1004 1547 errores
1029 1478 1157 1552 refellit.
1198 1489 1238 1555 In

126 1586 373 1684 prolegomenis
398 1581 538 1675 disputat
555 1579 596 1647 de
615 1581 809 1646 auctoritate
837 1583 998 1646 canonica
1019 1604 1058 1647 ac
1084 1579 1241 1677 scriptore

124 1686 279 1783 epistola,
299 1707 398 1777 quem
425 1705 495 1747 non
514 1679 633 1756 alium3
663 1677 720 1774 mli
736 1675 884 1746 Paullum
899 1673 969 1755 esse,
984 1679 1103 1750 statuit.
1127 1688 1241 1781 Quam

127 1813 194 1884 prae
215 1786 244 1855 se
265 1785 363 1852 haber
384 1782 465 1848 liber
481 1780 548 1870 hic,
569 1777 777 1847 dedicatione
803 1799 919 1846 auctor
942 1779 1155 1852 commendat
1175 1785 1242 1857 slu-

128 1889 196 1961 dia.
221 1885 411 1954 lutheranus
428 1905 466 1947 ac
482 1876 679 1946 reformatos
702 1879 938 1970 coniungendi,
954 1881 1086 1975 hocque
1098 1889 1242 1955 omnino

128 1987 200 2057 fieri
220 1978 321 2079 posse,
347 1978 509 2061 adfirmat,
524 1982 559 2047 in
577 1977 815 2073 persuasonem
831 1978 1003 2076 adductus,
1028 2003 1244 2081 vtrorurnque

130 2082 359 2158 dissensionem
382 2105 452 2149 non
472 2078 613 2174 spectare
635 2079 677 2148 ad
696 2078 951 2149 fundamentum
969 2081 1057 2152 fidei.
1078 2085 1096 2125 *
1123 2088 1161 2153 ln
1177 2083 1244 2157 fine
1339 2172 1343 2179 .

130 2186 299 2283 perbreuis
315 2185 553 2252 commentatio
570 2177 680 2249 addita
699 2180 744 2251 est
762 2179 803 2249 de
820 2176 937 2251 aterna
954 2190 1161 2276 generatione
1165 2184 1244 2277 filii.

127 2291 309 2360 Braunium
323 2287 455 2353 Cocceii
473 2304 511 2350 ac
529 2280 742 2376 philosophiae
765 2280 945 2352 cartesranae
960 2283 1153 2355 sectatorem
1165 2283 1245 2358 fuis·

129 2388 175 2475 se,
202 2412 241 2459 ex
261 2387 327 2473 hoc
352 2387 486 2481 quoque
505 2386 747 2453 commentario
767 2404 875 2477 paret:
902 2385 944 2428 *⁴*

200 2513 255 2561 ro.
281 2487 316 2558 n'
340 2507 524 2554 orranrrr
546 2479 715 2576 sendbrr'es
734 2507 798 2553 oen
816 2484 943 2552 Paullus
969 2509 1031 2555 can
1053 2483 1249 2573 de'Bbreen,

134 2570 302 2671 onrleedcn
323 2581 510 2677 vytgrbrcr'd
522 2609 562 2651 cn
579 2585 756 2659 vrrllaarr,
776 2583 1014 2654 Anrstelodami
1034 2606 1197 2663 MDccxl·
1210 2617 1248 2687 4.

133 2693 323 2784 germanice
344 2685 400 2756 sub
423 2683 538 2753 ritulo:
562 2685 624 2753 der
640 2681 729 2773 brief
743 2685 841 2753 raum·
858 2710 900 2753 an
918 2685 971 2753 die
990 2683 1148 2773 Hedum,
1173 2714 1250 2761 zer·
1323 2750 1325 2754 .

131 2788 301 2887 glimen,
335 2781 546 2880 aurgcbrer'tct
564 2783 635 2854 ond
654 2784 825 2875 erllaerer,
855 2785 1063 2858 francofurti
1088 2790 1131 2861 ab
1156 2810 1249 2862 antro

139 2906 332 2966 MDccxln.
360 2884 401 2953 ad
417 2907 542 2952 annum
565 2900 839 2975 MDccxv11104.
866 2885 996 2956 duobus
1015 2888 1251 2964 voluminibus.

140 2995 235 3082 Opus
257 2985 301 3055 esi
316 2983 617 3080 praestantissimum.
664 2984 872 3054 Praemirrirur
893 2995 1132 3062 commentatio
1151 2991 1192 3062 de
1211 2997 1251 3067 iie

140 3084 310 3165 omnibus,
334 3109 405 3178 quae
423 3082 464 3151 ad
480 3082 619 3174 epistolar
641 3083 737 3152 huius
752 3085 920 3158 historiam
935 3094 1109 3183 pertinent.
1142 3097 1252 3165 Corn.

139 3191 320 3262 mentarius
336 3181 401 3279 ipse
417 3182 544 3251 constat
556 3183 850 3278 comparaplrrasn
877 3209 947 3259 turn
964 3191 1165 3284 expositione
1178 3218 1252 3265 ver.
1305 3212 1310 3225 “

137 3291 260 3363 borum
289 3309 327 3355 ac
348 3307 470 3357 rerum.
528 3281 586 3383 Illa
607 3282 804 3355 illustrantur
827 3306 869 3356 'ex
892 3289 1100 3383 scriptoribus
1125 3299 1253 3401 grecis,
1349 3350 1355 3359 .

137 3388 313 3488 prasertim
331 3410 368 3456 ex
385 3376 530 3454 versione
547 3382 750 3479 septuaginta
763 3390 996 3484 interpretum:
1021 3415 1062 3464 ex
1075 3401 1255 3491 antiquita.

140 3491 227 3563 tibus
247 3485 462 3580 moribusque
476 3480 676 3570 Ebraeorum,
691 3491 881 3559 Graecorum
902 3516 939 3560 ac
950 3495 1194 3585 Romanorum,
1216 3520 1254 3566 ea

135 3576 282 3673 ratione,
306 3608 342 3657 vt
358 3608 475 3656 auctor
489 3608 562 3653 non
578 3585 781 3659 mediocrem
795 3591 1015 3664 eruditionem
1035 3617 1133 3692 atque
1158 3596 1256 3665 indu·

371 3695 372 3698 ’
497 3713 501 3719 ’
1144 3695 1256 3770 striarn

86 3840 745 3866 ...—..........-.........
968 3852 1054 3868 .-
1309 3810 1311 3813 ,

130 3920 150 3988 ἦ*
170 3937 271 3982 contra
288 3924 448 3993 Breunium
466 3902 572 3985 hrcdc
593 3943 623 3984 re
641 3939 756 4005 pugnet
777 3943 935 3985 rrrrorvr
953 3925 1118 4007 prefatione
1133 3928 1260 4010 drffma·

157 4007 241 4063 tonis
255 4003 287 4065 dt
307 4007 408 4084 [ydrum
430 4006 619 4091 ceremonenlr,
637 4027 656 4068 a
677 4007 839 4087 reformaris
856 4015 886 4071 in
908 4008 999 4072 Gallia
1017 4013 1124 4090 eccleflir
1146 4013 1260 4077 celebre·

157 4101 198 4161 ιι,
220 4084 319 4167 Lipfiae
348 4106 492 4155 κυεην,
511 4114 543 4166 4.

125 4192 166 4239 '⁴'
188 4213 253 4258 acta
271 4196 410 4257 muduor.
439 4217 582 4271 nocer,
607 4218 636 4276 p.
657 4201 723 4271 360.
763 4198 932 4283 onlchuldr'gr
957 4200 1149 4282 nachriclum,
1175 4225 1265 4280 1705·

157 4302 191 4363 p.
207 4283 276 4344 668.
301 4298 533 4342 aorrrrroenr
556 4278 798 4377 zurrclfiheralrer
815 4290 871 4341 ond
889 4304 966 4344 neues
981 4287 1029 4344 der
1044 4288 1182 4368 gelebrren
1197 4291 1264 4388 mele
1314 4312 1317 4321 ’

147 4381 263 4527 slsis}
270 4382 349 4524 ld.
369 4381 452 4521 2³¹..
468 4385 522 4522 ,ζῒ
526 4384 567 4506 ’ἶ
569 4385 667 4505 5321.
675 4361 811 4505 llll?
823 4371 1270 4535 dilalssilllllilsls'rss

160 4545 338 4629 rarurcrr
359 4526 473 4609 hillario
494 4524 642 4594 bibliothec.
657 4546 736 4613 prm.
757 4549 805 4596 rr.
827 4551 922 4616 pm.
1006 4544 1010 4551 ·
1262 4535 1266 4541 ’
