2859 5067
353 436 629 487 rnrococrar
663 435 955 489 rarorrroar.
1177 421 1252 506 847

85 628 105 675 1·
133 591 409 692 Gryphiswaldiae
443 610 609 667 MDccin·
630 614 668 685 4.
712 598 875 691 Sequunre
889 594 934 668 est
956 614 1072 666 auctor
1093 593 1247 667 ordinem

85 736 100 777 r.
131 693 253 771 hrioli
267 694 395 779 biblici,
425 717 445 763 a
471 716 627 765 sturno
651 692 747 773 editi3
774 719 845 766 non
866 715 975 766 autem
998 695 1247 793 vltraquatuor

85 840 102 885 ,ι
128 802 257 895 priores
277 796 355 867 fidei
377 794 529 863 articulos
549 789 744 888 progrelsus‚
762 801 923 890 quoniam
939 800 1039 867 artatis
1055 795 1139 866 illius
1166 818 1247 867 tem·

85 926 105 983 r.
131 898 239 995 pestas
265 898 420 968 alumnos
445 893 614 979 electoris,
644 898 680 965 in
706 920 851 992 quorum
872 902 1011 992 gratiam
1037 900 1245 969 recitationes

93 996 281 1093 ,susceptae
310 1017 412 1078 erant,
436 995 660 1090 diffrpauerat:
687 993 709 1041 '¹‘

95 1138 102 1149 ·-
204 1118 442 1169 rnancracr
470 1118 588 1165 rvurr
621 1119 832 1167 uvrnrurr
860 1092 1245 1195 collegiumllllicrrmfi·

135 1200 277 1271 andum
293 1199 370 1269 locos
401 1195 583 1290 theologicor
601 1196 809 1279 aarum,
834 1197 895 1269 dar
914 1198 960 1292 ist,
985 1201 1039 1269 dle
1048 1195 1245 1291 smmslen
1309 1242 1311 1247 -

132 1297 393 1395 glaolmleiree
414 1320 472 1367 out
493 1296 556 1365 den
582 1292 765 1392 londigllen
781 1294 937 1389 sprmben
960 1298 1096 1393 belliger
1111 1296 1245 1396 schrift,
1331 1294 1334 1299 ’

132 1424 202 1475 zur
222 1397 386 1492 heilsamm
410 1402 576 1471 erllnrnr‘r
592 1397 660 1467 und
678 1395 823 1495 gerriffen
845 1397 1038 1495 besesligung
1062 1398 1123 1469 der
1132 1400 1246 1497 g'ottll·

127 1503 211 1575 elea
233 1501 388 1573 ueniere
409 1499 471 1570 den
481 1496 624 1594 'fludiosss
643 1499 797 1597 theologia
815 1508 850 1569 in
877 1508 976 1571 elnam
993 1506 1104 1599 privar
1123 1501 1247 1601 colrgio

114 1602 358 1701 ,sergerrogm
384 1624 462 1669 cum
478 1604 523 1676 lo.
543 1598 666 1670 Fechtil
690 1598 895 1696 praefatione,
916 1598 1049 1672 Hafniae
1073 1618 1245 1675 Muccxv.

90 1726 97 1735 ·
131 1706 256 1777 iterum
281 1702 405 1772 ibidem
430 1719 643 1776 noccxxvr.
671 1719 924 1775 Moccxxxvn.
944 1726 979 1793 4.
1015 1703 1177 1796 Praecipua
1196 1699 1246 1770 di-

134 1824 192 1873 cta
215 1805 255 1873 de
284 1801 494 1896 dogmatibus
522 1799 599 1870 fidei
619 1801 791 1895 diligenter
816 1824 1025 1898 exponuntur
1046 1800 1182 1897 hacque
1207 1823 1247 1871 ex

108 1912 111 1923 '
132 1905 203 1974 istis
222 1903 370 1972 distincte
387 1925 426 1970 ac
447 1898 611 1995 perspicue
633 1923 837 1985 enarrantur,
858 1906 1007 1998 inprimit
1027 1900 1162 1997 quando
1186 1899 1248 1970 do·

133 2008 244 2074 ctrina
266 2000 476 2072 controuerso
491 2001 547 2076 est.
598 2006 661 2071 Eae
686 2004 731 2072 ob
757 2008 889 2072 virtutes
912 2003 994 2073 liber
1015 2002 1068 2072 hic
1088 2000 1248 2071 existima·

136 2108 270 2177 tionem
302 2127 374 2173 non
393 2101 593 2172 mediocrem
622 2101 680 2172 srbi
705 2103 907 2177 conciliauit.
962 2110 1120 2173 Attamen
1143 2123 1248 2198 quum

95 2258 114 2267 .-
132 2204 193 2277 ille
209 2204 282 2299 post
301 2202 534 2275 mortalitatem
550 2208 694 2273 auctoris
713 2202 842 2275 finitam
864 2205 971 2273 lucem
998 2202 1150 2297 adspexit,
1174 2198 1248 2270 nul·

133 2305 209 2377 lum
227 2305 272 2375 est
290 2302 448 2385 dubium,
473 2308 555 2400 quin
571 2302 707 2398 politior
734 2327 773 2373 ac
792 2302 969 2400 perfectior
983 2298 1167 2398 prodiisset,
1193 2299 1249 2371 vbi

133 2405 317 2477 Lutkeniuc
333 2402 397 2500 ipse
413 2404 453 2474 ad
471 2428 547 2475 eum
572 2404 737 2475 edendum
758 2430 874 2475 manus
891 2399 1101 2474 admouiffet:
1127 2403 1170 2446 ¹⁶*
1203 2444 1205 2449 ·

203 2527 433 2577 rnrnarrcr
462 2527 664 2577 sauvrurr
685 2527 891 2576 arcnurnr
919 2500 1251 2597 oupohlcberrltlll·

136 2608 306 2704 rungdrr
330 2603 569 2703 brueirsptllclre
588 2606 720 2702 briliger
731 2601 852 2700 schrift
871 2611 906 2675 in
929 2607 990 2675 der
1016 2600 1250 2702 dogmatlscben

134 2706 427 2805 gottrrgrlabrbelt‚
451 2728 595 2802 quatuor
613 2706 771 2802 partibus,
787 2728 926 2800 quarum
945 2708 1051 2800 prima
1063 2727 1100 2773 ac
1111 2701 1251 2774 secunda

133 2812 221 2880 lenae
256 2824 446 2881 MDcciili.
482 2810 577 2876 tertia
602 2807 721 2878 eodem
745 2806 824 2876 loco
862 2824 1031 2880 ninccuv.
1061 2828 1099 2874 ac
1133 2821 1249 2900 quarta

135 2908 264 2979 ibidem
287 2924 498 2981 nanceixiv.
520 2928 556 2999 4.
578 2907 839 3004 inconspectum
855 2905 1136 3001 publicumvenit.
1166 2908 1252 2973 Ora·

140 3008 217 3078 cula
248 3006 382 3088 diuina,
408 3028 480 3101 quae
507 3028 714 3091 enarrantur,
743 3031 814 3076 non
841 3009 1022 3101 generatim
1052 3026 1183 3089 tantum
1208 3001 1252 3073 ad

138 3108 266 3200 dogma
284 3103 359 3175 fidei
371 3127 381 3188 ;
408 3103 461 3176 sed
480 3102 643 3200 speciatim
667 3132 802 3204 quoque
823 3109 865 3176 ad
886 3106 1058 3200 singularia
1081 3106 1166 3178 illius
1196 3128 1251 3175 cr.

93 3218 96 3223 '
137 3217 210 3306 pita
224 3206 370 3302 spectant
386 3206 535 3301 hancque
549 3205 594 3275 ob
615 3232 683 3276 rem
705 3232 859 3279 numerus
875 3231 992 3278 eorum
1015 3211 1122 3277 maior
1147 3206 1192 3277 est
1210 3204 1252 3275 il·

137 3311 188 3392 lo,
213 3312 271 3403 qui
288 3309 324 3375 in
345 3306 416 3375 aliis
432 3304 622 3375 huiusmodi
637 3305 760 3403 scriptis
781 3306 928 3379 habetur.
977 3311 1076 3378 Dicta
1089 3304 1157 3403 ipsa
1178 3305 1253 3377 dili·

138 3430 257 3507 genter
276 3430 375 3502 atque
395 3406 549 3475 adcurate
574 3410 610 3475 in
636 3428 741 3501 partes
761 3407 830 3478 suas
851 3408 1042 3479 diuiduntur
1071 3428 1253 3502 eorumque

139 3507 265 3603 singula
283 3506 384 3577 verba
405 3510 525 3602 pariter
546 3528 584 3575 ac
606 3530 655 3576 res
678 3508 801 3578 erudite
813 3532 850 3578 ac
861 3508 1024 3605 perspicue
1042 3507 1254 3604 explicantur.

110 3676 114 3685 .
139 3614 190 3682 lta
204 3633 287 3703 opus
303 3608 369 3677 hoc
389 3607 481 3677 vsum
498 3604 619 3701 praebct
636 3612 758 3678 cumin
775 3609 982 3703 dogmatica;
1006 3631 1076 3680 tum
1092 3610 1255 3700 exegetica

121 3710 308 3802 ,theologia
331 3732 402 3778 non
422 3709 636 3779 mediocrem.

201 3815 284 3880 Sunt
296 3807 358 3878 alia
374 3813 498 3903 ingenii
513 3811 720 3879 monimenta
736 3812 884 3880 virorum
900 3804 1171 3889 doctiffimorum,
1184 3830 1255 3902 quae

112 3910 164 3981 ,fi
185 3932 257 3979 nou
275 3913 398 3988 omnir
432 3910 582 4007 quodam
603 3930 714 3982 tamen
731 3913 802 3982 iure
822 3910 865 3979 ad
894 3909 1008 3979 locum
1032 3908 1121 3978 hunc
1143 3904 1256 3978 referri

1183 4002 1257 4103 pos·

102 4232 105 4237 ¹
133 4246 155 4288 ¹⁸
184 4259 326 4301 urrant
348 4238 462 4319 elogium
479 4240 631 4321 Hapfnerl,
652 4239 714 4301 eiua
737 4233 841 4319 ifirgogi
863 4235 900 4297 od
917 4235 1070 4314 salutarent
1087 4241 1164 4317 asaro
1181 4258 1257 4303 cm

163 4323 305 4387 domitrice
323 4322 503 4402 praemitittur
522 4345 618 4407 pag.
650 4338 907 4384 rrerruraccrr
929 4322 1091 4405 tergoristlt
1118 4320 1257 4387 iilliorloc

159 4428 193 4491 p.
219 4426 307 4482 torp.
410 4474 413 4479 ,
1234 4440 1244 4463 c

117 4520 165 4581 A*
187 4532 461 4605 attereretur
478 4512 641 4613 apomeli
656 4511 800 4583 lllletlte
820 4534 854 4602 p.
877 4526 1000 4603 rect„
1075 4546 1078 4551 ·
1136 4580 1141 4591 ,
