2859 5067
196 375 281 468 172'¹
492 393 584 448 cir.
608 391 713 441 viii.
749 393 800 443 oi
829 393 1029 444 scairris

244 571 327 620 reto
348 549 491 618 auctoris
514 549 648 618 incerti:
677 541 872 618 samaritana
894 543 1103 640 pentateuchi
1126 567 1166 612 ac

247 647 448 746 psalmorum
468 666 502 716 et
527 650 646 716 cantici
663 651 880 716 canticorum.
953 647 1065 713 Tomo
1094 639 1214 740 qiiarta'¹

249 753 371 845 partim
392 748 581 840 apocrypha
601 770 783 839 eorumque
803 748 898 815 variat
918 742 1186 837 serliones‚.quts
1213 741 1218 756 ’

250 871 314 918 nos
333 869 570 940 peruenerunt3
595 849 715 940 partim
728 845 933 939 pentateuchi
954 840 1056 912 verfio
1076 841 1149 912 chal
1191 845 1199 859 “

250 971 286 1018 ra
301 945 668 1041 pseudo-Ionathasiis:
695 946 794 1016 altera
815 943 1103 1036 hierosolymitana
1126 945 1199 1012 mu'

250 1046 372 1143 perfica
383 1043 485 1117 lasabi
501 1047 647 1141 Tulinsss.
697 1051 767 1143 Qii
784 1045 938 1140 sequitur,
962 1067 1072 1112 tomus
1085 1049 1212 1142 quintas}

248 1146 352 1219 libros
377 1151 458 1216 noui
491 1147 671 1216 testamenti
696 1169 832 1240 graecos,
855 1168 930 1213 cum
951 1141 1097 1213 versione
1115 1142 1220 1236 latina

249 1251 341 1316 neari
361 1251 446 1317 Aria
463 1233 618 1318 Montani
648 1269 830 1341 eorumque
848 1244 1077 1314 translationes
1094 1241 1172 1336 syria

249 1371 329 1418 iiam
350 1347 537 1444 vulgatam,
560 1350 778 1440 aethiopicam,
806 1344 972 1414 arabicam
992 1365 1024 1412 et
1043 1343 1212 1438 persicam

248 1445 318 1520 sola
333 1469 477 1541 quatuor
497 1448 666 1540 euangelia
688 1442 819 1540 spectat.
877 1448 976 1514 Tomi
992 1440 1081 1537 sexti
1103 1443 1159 1514 iiis
1184 1447 1215 1462 ''

178 1571 182 1582 ·
248 1545 294 1619 ad
308 1543 405 1616 biblia
420 1549 514 1642 sacra
533 1549 703 1644 polyglotta
721 1545 900 1644 adpendix,
924 1551 958 1614 s'n
980 1569 1044 1642 qua
1072 1551 1160 1614 varii

249 1649 481 1731 adnotationes,
503 1650 647 1719 lectiones
659 1655 768 1730 uaria,
792 1644 929 1727 ebraice,
951 1669 1071 1738 gnara,
1100 1646 1205 1728 latina,

248 1765 346 1832 tana,
369 1747 548 1832 chaldaica,
558 1754 701 1846 syriaca,
725 1744 869 1832 arabica,
893 1747 1067 1844 ashsapi'ca,
1077 1746 1198 1845 perfica,
1231 1745 1233 1750 ’

249 1845 388 1925 ditibus.
446 1857 531 1946 Quae
558 1871 711 1945 praeterea
741 1873 824 1943 opus
853 1849 919 1917 hoc
940 1851 1107 1939 egregium
1132 1869 1188 1918 orn

245 1950 567 2050 prolr'gansrnaatque
576 1951 749 2046 adparatus
762 1953 843 2019 tomi
856 1951 961 2042 primi.
972 1946 1028 2015 llla
1042 1971 1100 2016 vsi
1109 1971 1202 2018 ιτοιι

249 2047 371 2144 scripsit
403 2055 508 2148 iisque
533 2049 654 2144 singula
682 2048 750 2119 sere
776 2054 882 2145 capita
913 2050 1029 2115 criticae
1053 2045 1178 2118 sacrae'

216 2175 223 2182 ·
250 2151 318 2221 hoc
343 2173 441 2228 vetui
475 2151 539 2222 siue
556 2153 715 2249 adparatu
741 2155 835 2219 variae
865 2153 1162 2219 commentationes

251 2271 325 2332 tur,
350 2254 529 2320 nimirum:
575 2274 784 2330 tvnovici
819 2271 998 2317 canenti
1029 2249 1223 2346 chronologia¹

252 2373 439 2420 noviant
477 2372 755 2420 uacuawoout
786 2345 1166 2444 liberdepanderibusst

250 2468 357 2523 seriem
369 2475 565 2521 nummorum
578 2475 746 2548 rarumque
765 2474 834 2518 cuns
848 2447 1076 2519 recentioribus
1088 2452 1190 2520 cadat'

251 2571 359 2621 status
374 2553 414 2621 de
433 2558 576 2652 antiquis
588 2547 788 2652 ponderibus,
815 2555 949 2618 manetis
963 2567 994 2618 st
1006 2547 1160 2644 mtnfisri's
1239 2543 1241 2548 ¹

249 2657 440 2743 (iratorum,
453 2657 679 2732 Romanarum,
702 2677 741 2720 ex
759 2656 854 2720 variis
871 2650 1078 2719 auctoribus:
1104 2652 1199 2750 explic
1243 2719 1245 2724 .

250 2747 434 2839 tismorumt
450 2750 507 2848 seis
523 2760 761 2850 proprietatum
778 2753 888 2845 lingua
903 2746 1032 2819 ebraico
1050 2770 1081 2820 st
1094 2737 1249 2850 grata]

245 2857 321 2950 pius
339 2854 374 2919 s'n
382 2848 558 2949 scripturis
571 2872 764 2924 occurrunt:
793 2870 889 2923 ttrrae
899 2847 1015 2945 fisneta
1035 2851 1217 2948 descriptis:
1235 2867 1249 2916 1

257 2975 298 3020 iii
334 2975 576 3022 sounueitii
607 2956 827 3024 adnotationes
846 2957 881 3019 in
900 2948 1074 3044 Christiani
1093 2953 1249 3024 Adriclsae

247 3047 448 3150 scriptionem
472 3070 565 3119 terra
584 3052 715 3142 fisneta:
744 3078 793 3125 io.
828 3075 895 3120 tiu
908 3078 1094 3124 urioori
1114 3047 1249 3125 animi

252 3177 308 3221 nes
324 3159 359 3222 in
372 3150 493 3222 tabulas
509 3153 768 3248 chorographiam
790 3173 884 3222 terre
891 3149 1026 3248 fisneta:
1055 3178 1103 3223 iv
1113 3179 1237 3227 nov-ic

258 3277 377 3324 actii
412 3258 582 3347 trisagians
599 3253 664 3346 fiae
681 3255 787 3349 templi
806 3249 1067 3342 hierosolymitani
1083 3256 1202 3356 triplex
1224 3253 1249 3324 d

253 3359 311 3427 tio.
360 3357 539 3447 Separatim
555 3354 729 3450 adparatus
745 3353 797 3420 liic
819 3377 894 3421 cum
917 3377 1116 3425 wattoni
1139 3357 1249 3456 proleg·

196 3499 200 3504 -
253 3477 332 3521 cuia
356 3457 396 3522 lo.
410 3455 546 3521 thri‘ci‘
564 3454 762 3546 Heideggers‘
782 3456 895 3546 Tiguri
922 3456 1247 3552 MDCLxxl11.sol.p

252 3557 299 3621 Eic
317 3558 366 3636 iis,
393 3579 463 3648 quae
483 3579 570 3623 nunc
589 3555 629 3622 de
645 3554 753 3624 bibliis
771 3554 819 3621 his
849 3555 1043 3646 polyglottis
1064 3582 1082 3625 a
1104 3583 1158 3629 me
1175 3558 1249 3627 dicta

252 3650 349 3723 facile
368 3654 502 3721 iudicari
523 3654 638 3749 potest,
665 3654 769 3749 qualis
787 3652 824 3721 sit
842 3654 974 3723 illorum
994 3662 1100 3727 ratio:
1128 3659 1230 3754 qualis

253 3774 313 3822 tas.
362 3755 521 3849 Equidem
541 3753 713 3824 fatendum
734 3753 788 3834 cst,
816 3776 898 3846 opus
922 3758 986 3823 hoc
1011 3782 1082 3825 non
1108 3760 1249 3828 omnibu

253 3877 362 3921 carere
390 3879 428 3921 ac
456 3855 657 3947 parisiensem
690 3853 953 3948 polyglottorum
983 3857 1166 3927 editionem
1185 3860 1249 3928 loni

253 3953 316 4021 ltac
333 3951 531 4048 superiorem
555 3952 627 4044 esse,
648 3954 702 4022 vbi
714 3977 880 4024 externam
894 3953 1042 4026 formam
1062 3959 1249 4030 conditione

255 4052 374 4122 chartac
397 4055 547 4124 videlicet
568 4081 604 4124 ac
626 4055 806 4124 litterarum
829 4055 1024 4148 elegantiam
1048 4056 1192 4153 spectare
1208 4059 1249 4131 vel

254 4171 401 4224 attamen
427 4154 450 4222 si
474 4155 548 4224 libri
566 4158 782 4251 praestantiam
799 4178 837 4222 ex
859 4156 997 4226 utilitate
1023 4163 1092 4228 eius
1114 4181 1214 4256 atque
1232 4185 1250 4230 a

255 4257 349 4323 tione
366 4255 571 4339 aestimamus,
595 4277 680 4325 certe
701 4254 900 4323 londinensis
922 4258 1021 4326 editio
1050 4264 1145 4330 omni
1165 4266 1234 4330 iure

218 4359 230 4379 ’
257 4353 365 4430 bibliis
385 4355 578 4452 polyglottis
598 4353 780 4453 prefertur.
831 4356 940 4427 Multa
956 4357 1011 4429 illa
1035 4360 1249 4456 complectitu:
