2859 5067
206 377 283 455 40⁰
470 411 474 416 .
533 373 623 430 our.
647 375 750 428 rut.
781 333 833 428 nu
863 379 1077 436 acerreae

198 601 203 608 .
259 533 432 610 Accedunt
456 534 688 606 commentarii
715 534 754 602 in
783 530 921 632 opidulo
937 536 1059 620 aaut,
1083 559 1158 632 gret

262 637 405 709 londini
430 649 643 708 nucxxxvt.
659 628 726 704 fol
767 655 865 729 etque
890 639 927 706 in
943 655 1023 707 acra
1044 637 1158 736 apelia

264 761 340 808 curn
361 731 506 805 versione
526 734 681 827 notisque
701 734 937 828 marginalibus
959 743 1158 812 Laurenrirl

262 835 360 909 loniae
384 851 573 908 MDvalll.
609 832 738 904 Addita
756 831 830 905 sunt
857 837 1010 932 quadam
1038 864 1158 934 pattuu

263 944 347 1036 Quae
368 939 404 1006 in
422 937 669 1004 commentariis
686 935 925 1030 Theophylaeti
950 931 1137 1024 habentur:

264 1032 901 1233 lill‘lltlitlll,Sl‘ll‘sslffl’
931 1038 1061 1136 rann
1080 1044 1158 1138 “l

278 1165 298 1210 u
821 1159 832 1210 i

276 1255 279 1264 ’
325 1284 579 1342 eururutus
606 1284 859 1346 nonnum,
881 1267 976 1334 cuius
995 1267 1147 1340 exstant:

261 1368 301 1440 tii
316 1369 352 1436 in
370 1388 475 1436 menes
492 1361 772 1462 pfirlmorDm'dis
793 1368 876 1434 etin
895 1369 1002 1436 decem
1019 1369 1118 1450 lacre
1124 1368 1158 1460 sn

260 1475 338 1550 tice,
362 1465 464 1536 latine
482 1485 611 1534 tanturn
633 1463 723 1533 editi.
769 1466 890 1534 Lucem
910 1466 1068 1538 viderunt
1088 1477 1158 1566 prin

262 1585 416 1642 MDxxx.
445 1563 507 1640 fol.
542 1563 659 1634 deinde
687 1562 823 1657 saepius,
855 1566 978 1636 Parisiis
1009 1588 1158 1646 tinnitu

259 1685 382 1742 Mnux.
407 1669 550 1738 Veneriis
577 1683 763 1738 MDvaul.
788 1679 821 1744 8.
854 1668 1008 1761 Lugduni
1035 1690 1158 1745 MDLx}

166 1833 173 1842 .
264 1790 430 1840 uururt
455 1765 668 1866 pngsarionem
689 1772 723 1834 in
738 1765 875 1863 pfhlmor.
904 1766 979 1837 satis
1002 1769 1154 1865 longam,

221 1911 224 1918 ·
260 1889 346 1950 tuta,
364 1872 502 1962 origine.
525 1865 591 1954 usu,
609 1864 730 1960 scopo,
752 1872 844 1936 vario
863 1891 995 1961 genere,
1027 1874 1157 1944 ool'ruri

257 1967 355 2038 nibus
375 1973 486 2062 gracie
508 1965 707 2062 psalmorum
725 1964 895 2061 diligenter
910 1977 1106 2064 exponitur,
1130 2001 1158 2067 gr

261 2092 305 2162 ne
323 2074 401 2139 iuris
419 2066 541 2162 publici
560 2064 641 2138 feeit
669 2090 915 2139 trutannus
951 2093 999 2140 ιι
1031 2097 1155 2146 nroru

259 2167 320 2266 plit
349 2192 523 2240 uvruttr
535 2192 594 2238 rut
626 2191 762 2262 quoque
780 2177 1061 2243 commentarium
1078 2181 1114 2244 in
1129 2203 1158 2276 qr

128 2317 131 2322 -
255 2271 361 2370 gulia,
383 2293 422 2340 ex
436 2265 671 2362 chrysostomo
692 2288 790 2363 atque
806 2268 876 2338 aliis
901 2279 1047 2367 antiquis
1070 2279 1157 2348 eccle

260 2398 337 2446 cum
360 2371 482 2464 iudicio
504 2367 704 2446 collectuma
743 2374 798 2464 qui
826 2392 938 2441 autem
959 2376 1077 2445 itidem
1102 2373 1155 2448 lati

259 2479 307 2549 lo.
329 2475 484 2546 Hentenio
513 2475 705 2564 interprete,
737 2474 773 2539 in
803 2469 911 2540 lucem
940 2479 1028 2560 exiit,
1066 2486 1153 2570 ptitn

255 2594 418 2652 uuxuru.
437 2571 499 2652 fol.
522 2572 638 2643 deinde
654 2569 776 2642 Parisiis
800 2590 973 2648 uoxuvn.
990 2595 1118 2655 nroux.
1141 2604 1158 2655 u

704 2745 741 2828 5.
806 2738 891 2815 VH.

320 2853 509 2949 Tempore
533 2855 716 2932 recentiori
747 2847 885 2923 maiora
910 2845 1158 2953 felicioraque

207 2947 436 3048 explicandis
460 2951 563 3026 libris
581 2951 722 3029 diuinis
740 2953 914 3025 collocata
930 2954 1034 3038 sunt,
1055 2981 1158 3056 quun

203 3051 328 3127 littera:
347 3052 515 3126 restitute
540 3077 582 3126 ac
610 3053 708 3128 sacra
732 3050 922 3129 emendata
949 3053 1076 3135 ellent.
1151 3065 1158 3133 l

202 3149 243 3228 hi
261 3150 358 3229 inter
375 3151 411 3229 se
427 3151 613 3239 differunt,
643 3155 803 3250 primum
818 3152 997 3255 religione
1017 3162 1081 3232 l'ua
1102 3163 1158 3235 lot

202 3253 275 3330 illis
291 3275 421 3332 tenent
436 3252 633 3349 lutherani,
652 3251 848 3338 reformati,
877 3257 1081 3353 pontificii,
1110 3287 1158 3336 an

203 3355 230 3433 fi
259 3357 341 3434 illos
364 3354 568 3431 christianis
596 3353 838 3430 adnumerare
858 3357 1041 3443 velimus,
1068 3360 1158 3437 socit

203 3483 316 3562 quarn
333 3455 579 3534 diuerfitarem
606 3452 885 3531 adtendendum
911 3459 980 3541 est,
1007 3480 1045 3535 vt
1076 3461 1158 3540 fuci}

203 3559 415 3637 adcuratius
441 3555 687 3657 expofitiones
709 3581 837 3631 eorum
863 3556 1132 3643 diiudicemus.

201 3659 297 3738 inter
313 3661 348 3738 se
367 3658 572 3760 discrepant
587 3657 688 3734 libris
709 3656 889 3755 scripturae
911 3659 1025 3746 sacrae,
1053 3666 1098 3738 ad
1124 3692 1158 3766 qt

177 3761 345 3842 nandos
365 3786 513 3860 operam
530 3759 630 3835 suam
652 3757 914 3855 adhibuerunt,
939 3762 1158 3867 illorumque

198 3861 254 3941 ses
277 3861 452 3939 constitui
468 3860 625 3963 poliunt,
648 3860 697 3937 ita
718 3883 756 3938 vt
777 3860 820 3935 ad
838 3861 989 3957 primam
1011 3863 1035 3936 ii
1056 3868 1158 3964 perti*

198 3963 240 4040 in
262 3963 470 4041 uniuersam
483 3962 713 4064 scripturam}
734 3965 1005 4061 autplerosque
1021 3963 1122 4043 illius
1140 3974 1158 4043 l.

198 4065 349 4144 mentali
364 4065 464 4143 sunt:
499 4065 544 4143 ad
568 4066 780 4162 secundam,
795 4089 951 4165 quorum
974 4065 1154 4166 interpret

198 4189 316 4248 certos
333 4188 476 4246 tanturn
496 4167 610 4246 libros
632 4167 796 4269 spectant
817 4189 859 4240 ac
881 4163 1046 4266 denique
1063 4170 1110 4245 ad
1126 4193 1158 4247 te

199 4425 728 4454 —D-m————
734 4425 1158 4448 m

209 4465 246 4528 l*
272 4497 415 4554 emm
427 4494 575 4574 sacroru
591 4459 659 4554 ron.
684 4510 707 4550 r.
729 4507 759 4568 p.
780 4502 845 4561 ¹50·
