2859 5067
196 329 270 424 146
374 362 390 408 -,
470 373 474 380 -
505 337 598 396 ouo.
625 339 821 434 vitiano
854 334 1054 388 scutatas

290 608 296 626 ,
581 558 583 563 ·
669 530 701 605 §-
769 522 875 599 xvi·

200 648 582 834 Quemadmodum
613 649 776 729 vniuerli
807 651 982 756 antiqui3
1014 656 1068 737 ita
1092 683 1173 736 nou

122 773 126 786 ¹
316 757 462 836 foederis
487 750 716 830 monimenta
736 752 867 830 diuina
891 755 932 831 in
953 758 1076 836 varias
1093 759 1146 833 lin

198 857 411 945 uitiasunt,
433 852 705 942 comorientis3
730 875 809 932 tum
824 855 1045 940 occidentis.
1086 783 1173 938 Exll

199 957 439 1066 pretationcs,
461 951 703 1042 sermonibus,
730 954 868 1056 quibus
884 961 1059 1037 nationes
1077 981 1170 1037 terta

198 1066 258 1141 sus
272 1060 357 1138 solis
373 1071 493 1135 ortum
512 1054 671 1155 litatum,
688 1076 854 1155 utuntur,
880 1059 1059 1159 exptellae,
1076 1059 1173 1138 ebrai

200 1189 256 1252 ca,
282 1158 486 1260 athiopica,
513 1156 668 1251 arabica,
692 1157 848 1244 turcico,
874 1161 1080 1258 armenica,
1106 1187 1173 1261 cop

198 1262 350 1344 mulica.
403 1264 503 1338 Inter
523 1283 652 1337 omnes
672 1259 919 1359 principatum
940 1281 1043 1339 tenet
1052 1265 1173 1361 syriae

199 1391 281 1469 qua
302 1358 520 1462 antiquitate
540 1358 771 1460 suapariter,
798 1357 839 1434 a'c
861 1361 971 1461 quain
993 1362 1039 1437 ad
1071 1362 1173 1440 codic

199 1491 287 1546 cum
308 1459 582 1563 explanandum
605 1458 732 1550 adicit,
761 1459 915 1541 uilitate
932 1462 1157 1569 singularem

132 1583 135 1589 ’
198 1565 342 1662 tionem
362 1560 429 1639 fibi
451 1559 678 1640 conciliauit.

312 1728 473 1820 Praecipue
499 1721 539 1791 de
564 1720 711 1793 versione
729 1726 811 1794 noui
836 1723 1017 1797 testamenti
1037 1721 1161 1818 syriaca

252 1831 381 1901 animus
398 1825 478 1894 mihi
500 1822 561 1905 ell;
588 1845 765 1919 antequam
784 1846 895 1896 autem
916 1825 1065 1896 odiliam
1084 1832 1173 1900 accet'

250 1953 302 2002 tas
323 1928 605 2018 interpretationes
628 1928 780 1993 omnium
801 1924 968 2023 libroruin·
989 1924 1132 1998 foederis
1154 1953 1173 2024 p

209 2051 217 2062 ¹
247 2053 320 2127 qua
334 2027 452 2120 linguis
476 2027 611 2093 orientis
628 2020 774 2119 expcellae
797 2022 881 2107 sunt,
905 2026 1046 2096 breuiter
1068 2052 1173 2099 enarra

249 2132 331 2202 tinet
347 2127 388 2196 ad
400 2124 514 2194 locum
530 2124 618 2195 hunc
637 2122 823 2195 uniuersum
840 2149 970 2214 nouum
988 2128 1173 2200 testamento

310 2273 337 2347 Ι.
362 2264 544 2351 Elrot'cum,
569 2265 926 2361 quodEliosHutterni
938 2268 973 2335 iu
986 2265 1133 2361 linguam
1148 2267 1173 2335 n

246 2372 320 2452 tulit
346 2393 443 2466 atque
464 2372 499 2438 in
519 2367 625 2438 bibliis
642 2366 847 2464 polyglottis,
871 2366 980 2461 postca
1001 2391 1020 2435 a
1044 2392 1097 2437 tne
1116 2392 1170 2463 pet

243 2475 322 2546 iuris
337 2471 458 2567 publici
477 2466 568 2542 fecit.
619 2472 800 2565 separatim
816 2468 849 2537 id
868 2465 1114 2537 describendum
1126 2493 1173 2537 cut

243 2565 467 2659 Robertsonut,
494 2569 704 2665 inscriptione
731 2569 810 2641 hac:
837 2592 952 2664 nouum
975 2566 1173 2659 tqiomemtn

244 2695 287 2742 ex
298 2668 431 2763 versione
443 2670 516 2737 Elia
533 2675 671 2741 Hutteri
678 2692 688 2751 ;
716 2695 800 2739 nunc
816 2688 922 2740 autem
941 2675 976 2737 in
997 2671 1171 2769 volumenp

139 2801 144 2806 ·
244 2770 302 2841 cile
321 2766 485 2838 reditium
501 2790 598 2867 atque
616 2777 753 2841 cottonis
772 2767 959 2868 quibusdam
975 2768 1114 2863 inlotis,
1134 2792 1173 2871 po

241 2888 307 2943 tem
328 2866 421 2966 ipfius
439 2872 693 2960 recognitionem,
718 2872 916 2941 emendatum
937 2890 1033 2967 atque
1049 2871 1173 2971 castigat

240 2996 303 3074 quc
317 2974 434 3039 ceteris
453 2964 518 3059 istit
535 2974 571 3034 in
591 2970 727 3039 editione
742 2971 924 3043 bnttcriana
944 2959 1061 3069 linguis
1078 2995 1137 3071 per
1150 2974 1173 3071 J.

241 3078 303 3145 tint
316 3088 348 3142 et
358 3090 439 3171 puro
447 3083 525 3168 puto
540 3066 691 3140 idiomate
693 3069 890 3164 solummodo
907 3069 1029 3142 ebraico
1041 3072 1173 3172 publico

179 3231 182 3239 ,
239 3173 310 3243 dini
334 3188 494 3256 MDCLXI·
518 3180 552 3252 8.
603 3171 712 3238 Editio
732 3172 799 3238 haec
819 3173 989 3266 anglicana
1009 3197 1051 3241 eo
1078 3182 1169 3270 magi

237 3272 337 3355 solet,
364 3296 432 3365 quo
452 3274 569 3340 certius
595 3270 657 3352 est',
679 3275 832 3362 exiguum
857 3272 1081 3367 exemplorum
1116 3282 1169 3346 eiu

131 3395 134 3400 ·
237 3395 424 3451 numerum,
454 3375 565 3440 cetenis
585 3374 620 3441 in
636 3369 754 3440 celebri
767 3370 853 3441 vrbis
864 3371 1061 3443 londinenfis
1078 3378 1173 3447 incer.

235 3498 290 3544 tna
313 3470 512 3542 consumtis:
539 3476 557 3518 *

293 3618 331 3681 11.
356 3612 594 3711 Aethiopicum,
638 3636 715 3685 cura
754 3613 811 3687 Fr.
846 3612 940 3683 Petri
973 3613 1173 3710 tletlu‘opis=

230 3728 418 3788 Muxuvut.
438 3738 475 3810 4.
500 3718 537 3761 *⁴

195 4012 991 4038 ο-ι-έ--ι--ι--α-ι-ι--ι--ὐ-υ
1003 4016 1173 4039 ——u-

215 4104 234 4147 '¹'
253 4101 490 4189 'tpitunntvs
503 4106 639 4195 philologo
652 4103 836 4189 eirico-greco
851 4129 882 4186 p.-
901 4126 949 4184 54.
968 4125 998 4170 ct
1013 4127 1061 4185 57.
1086 4131 1173 4175 vom

177 4195 181 4200 ’
236 4188 300 4286 'Q
320 4190 454 4251 librorm
474 4197 576 4254 rarior.
596 4214 623 4273 p.
643 4194 713 4258 668.

176 4316 180 4322 ¹
207 4333 243 4411 ἵ*
267 4357 423 4403 noento
442 4339 513 4403 ditio
530 4342 586 4405 ioco
606 4363 634 4423 p·
652 4345 722 4419 ⁶⁶3·
