2859 5067
1268 217 1284 264 t

255 351 302 420 32
444 317 449 328 ¹
524 349 647 400 ¹>out.
678 351 781 399 vrri.
814 352 864 400 oa
905 353 1110 402 reatina

249 447 1311 488 ·----—-—--—-——---·--·-.-

183 563 187 572 ,
272 545 276 556 =
379 517 844 577 artonitae-avertam,
881 493 992 589 Lipstae
1018 497 1277 576 MDccmvn.¹

205 642 209 656 ·
244 625 249 651 ³
303 599 430 682 editio,
452 598 560 668 stram
574 593 696 691 spectas
724 594 959 692 principalem,
994 595 1110 666 eadem
1132 596 1216 668 este
1284 591 1290 626 ⁶

169 777 175 798 „
297 700 395 778 'liam
412 703 542 782 minore
561 699 685 793 prima:
700 694 722 741 ⁶
1166 731 1172 745 =
1279 781 1283 794 Ι

248 813 252 824 ’
337 915 340 920 ¹
383 839 615 898 ueratrum
657 841 1001 907 oououaeautt,
1032 827 1089 921 qui
1108 839 1239 894 nouum
1273 821 1286 914 ᾗ

304 943 376 997 rum
395 945 537 1018 gracum
558 919 659 992 edidit
678 945 755 991 cum
770 919 1022 1019 discrepantibus
1045 921 1266 1006 lectionibus,

303 1032 362 1120 gio
401 1023 614 1119 apologetico
650 1042 688 1091 ac
719 1021 824 1093 lexico
858 1047 965 1117 gtaeco
1000 1045 1034 1095 et
1050 1025 1201 1106 ¹latino,

142 1211 145 1218 ¹
302 1143 496 1200 Mocctlss.
515 1136 549 1206 8.
576 1121 620 1166 *⁴*
652 1145 757 1218 quum
786 1144 897 1193 aurem
924 1124 1115 1195 industriam
1137 1124 1232 1195 suam

247 1242 250 1255 '
304 1224 347 1295 ad
368 1223 401 1293 id
421 1222 589 1306 adhibuit,
619 1243 655 1292 vt
666 1220 848 1293 versionem
868 1222 1004 1294 latinam
1032 1225 1201 1318 vulgatam
1224 1222 1253 1296 ¹d

303 1328 441 1418 eiusque
457 1323 615 1394 'tueretur
645 1328 898 1408 auctoritatem,
918 1320 1039 1396 ¹causs‘a
1069 1326 1137 1395 hac
1164 1325 1228 1408 est,
1279 1321 1281 1326 ’
1304 1369 1310 1420 .'

247 1418 251 1429 '
284 1408 408 1496 'multa
429 1422 610 1496 commoda
631 1422 672 1496 'ab
690 1413 836 1494 editione
857 1422 922 1494 li'ac'¹
943 1424 1127 1523 exspectare
1145 1431 1311 1568 queamus}

485 1613 649 1688 ¹·
764 1594 801 1676 §.
858 1589 986 1687 vt...
1299 1585 1310 1658 t

252 1722 621 1910 Goumsetunda
642 1723 849 1807 editionum
868 1731 962 1808 noui
979 1726 1185 1809 testamenti
1201 1753 1245 1833 gr
1261 1731 1274 1752 ''
1309 1777 1310 1788 κ

366 1829 411 1905 fis
436 1828 477 1905 in
515 1828 607 1906 duas
631 1851 751 1930 partes
782 1854 888 1912 antea
915 1859 936 1908 a
968 1855 1027 1908 me
1057 1828 1176 1905 diuisa
1211 1855 1232 1910 e
1300 1909 1310 1928 ,

205 1955 209 1962 ·
248 1975 251 1982 -
280 1937 355 2010 rior
369 1928 417 2006 ad
432 1931 544 2014 finem
562 1929 739 2029 perducta
762 1933 830 2020 est,
861 1930 1090 2009 venionunc
1105 1929 1151 2006 ad
1165 1923 1311 2030 posterii]

154 2095 165 2104 ..
250 2039 399 2112 ullarum
418 2029 592 2107 nimirum
616 2030 841 2122 editionum,
870 2056 951 2135 qua
976 2032 1075 2109 notis
1102 2030 1311 2136 philologia?

250 2159 328 2240 que
354 2156 425 2212 exe
454 2129 558 2208 eticis
578 2129 759 2210 instructa
786 2132 890 2234 sunt,
923 2133 1000 2211 srue
1024 2134 1093 2208 illae
1119 2129 1166 2208 ad
1194 2157 1242 2210 ex
1268 2131 1311 2214 lit

248 2231 388 2322 .verba;
423 2158 501 2308 due
518 2229 638 2309 adres
660 2232 776 2333 ipsas,
803 2253 899 2311 tecte
929 2229 1214 2336 intelligendas,
1238 2159 1311 2336 dp&

250 2337 369 2417 Multi
387 2331 434 2412 ad
450 2330 636 2414 eiusmodi
657 2334 937 2411 commentarios
967 2334 1180 2413 scribendos
1212 2353 1311 2438 atqut

250 2435 412 2516 sermoni
430 2459 542 2534 graeco
561 2433 738 2511 librorum
756 2434 965 2535 posterioris
983 2433 1127 2513 foedetis
1148 2432 1311 2540 adiunge

251 2537 374 2614 studia
390 2536 455 2612 sua
473 2538 773 2614 contulerunt·ac
794 2537 961 2637 praeclara
983 2534 1030 2612 ad
1058 2534 1311 2637 adsequendaa

196 2635 204 2662 '⁴
250 2639 382 2713 uinam
401 2636 601 2735 apostolica
625 2634 801 2713 dictionis
821 2638 898 2713 vim
926 2635 1139 2715 adiumenta
1163 2641 1311 2716 contule

248 2743 335 2815 Nec
359 2756 483 2812 tamen
508 2733 725 2836 negandum
750 2739 828 2827 est,
864 2735 970 2816 fuisse
998 2742 1093 2815 inter
1118 2738 1268 2838 generis
1298 2737 1311 2814 i

155 2885 175 2934 ,ι
251 2858 446 2922 auctores,
473 2835 541 2933 qui
557 2836 675 2911 nimio
695 2859 891 2937 peccarent
915 2860 1027 2940 atque
1047 2840 1252 2925 efficerent,
1274 2859 1311 2917 vt

250 2938 344 3037 sitii,
373 2935 465 3048 inse
481 2933 700 3048 laudabilis,
736 2938 853 3039 impar
878 2938 965 3018 effet
995 2940 1131 3019 exitus.
1223 2940 1292 3019 Ast

249 3037 342 3141 quia
363 3036 546 3114 editiones
566 3035 638 3111 tstae
659 3038 860 3115 maximam·
881 3061 1021 3140 partem
1042 3041 1093 3118 ita
1115 3037 1201 3119 sunt
1225 3064 1308 3117 corn

250 3160 316 3239 tae,
340 3158 381 3215 vt
406 3162 484 3213 non
501 3134 614 3235 solas,
639 3133 687 3213 de
712 3138 850 3239 quibus
867 3165 970 3217 nunc
994 3143 1111 3219 sermo
1137 3143 1206 3229 est,
1231 3140 1311 3217 adn

250 3262 365 3327 ones;
400 3236 463 3316 sed
495 3236 699 3314 versionem
735 3240 841 3315 etiam
868 3240 1100 3328 contineant,
1139 3241 1262 3320 saltem
1286 3246 1311 3319 lt

249 3363 318 3417 nes
347 3339 527 3415 variantes
560 3336 663 3414 srmul
695 3339 924 3439 exhibeant,
965 3367 1044 3417 non
1069 3345 1187 3442 potest
1208 3365 1290 3417 non

250 3441 347 3541 quin
371 3465 433 3517 eas
457 3439 713 3517 tantummodo
739 3464 1043 3531 commemorem,
1068 3468 1148 3545 quae
1168 3465 1311 3545 vtroqut

250 3559 469 3620 ornamento
490 3559 648 3616 careant.

351 3694 391 3761 In
407 3687 560 3761 ordinem
572 3684 661 3758 hunc
673 3691 744 3757 iure
757 3681 815 3757 suo
828 3686 1012 3784 meritoque
1028 3686 1229 3759 adscribendi
1245 3685 1311 3758 suni

384 3852 439 3903 to.
472 3849 662 3913 otarius,
691 3834 782 3899 cuius
798 3827 919 3899 scholia
937 3855 1032 3902 nouo
1054 3830 1311 3913 testamento,B

273 3950 460 4010 Ἄθων.
487 3931 598 4015 edito,
622 3928 733 4000 addita
755 3927 847 4005 sunt:

281 4265 300 4307 ⁸
322 4277 598 4323 aavuoamutt
618 4258 797 4326 tracbritbtett
811 4277 864 4322 von
874 4260 1105 4346 mckwurdr'gen
1119 4259 1235 4324 hucherti
1250 4262 1311 4324 volu

181 4429 185 4440 '
281 4348 488 4491 ”pifddru
509 4424 626 4512 theolog.
643 4424 784 4490 bibliothec
805 4374 965 4493 varunna.
993 4447 1104 4514 μμ.
