2859 5067
271 385 348 484 416
594 387 684 441 car.
715 387 810 440 vttt.
842 389 894 438 na
924 394 1130 444 acarrrta

301 513 304 518 .
336 493 750 524 ...μ-...ψ
1015 497 1071 510 ....

308 509 468 642 dierunt,
495 573 640 644 quorum
656 548 723 618 alio
736 547 815 618 loco
839 547 860 590 *
884 549 1194 646 notitiam-suppedi
1295 551 1304 564 '

327 681 369 728 ro
411 656 537 723 uamuis
550 650 595 718 ob
609 675 658 730 ea,
682 673 753 743 quae
773 654 971 731 memoraui,
989 654 1156 721 Cocceius

302 681 511 840 ¹sual-terite
534 751 670 821 iudicari
691 771 802 818 tamen
823 747 933 842 deber,
958 773 1078 820 menta
1100 756 1174 820 eiua·
1192 757 1225 822 in

325 859 526 948 exegeticam
555 872 625 918 non
645 849 826 918 mediocria
847 843 920 920 else.
973 848 1099 944 ipsein
1122 875 1163 920 co
1302 857 1308 864 '

325 954 482 1054 probauit
496 954 649 1018 eximiam
666 947 853 1040 linguarum
870 948 982 1020 ebraeae
1009 975 1048 1020 ac
1069 975 1181 1044 graecae

324 1050 514 1126 credibilem
536 1056 572 1118 in
593 1047 803 1118 conferendis
825 1047 907 1118 locis
940 1051 1157 1120 industriam:

325 1158 368 1225 cii
389 1174 486 1249 atque
502 1153 626 1244 ingenii
647 1153 728 1221 vim.
778 1153 859 1218 Eam
873 1148 980 1243 legem
995 1150 1051 1220 srbi
1072 1149 1196 1246 praescri
1297 1163 1308 1206 ²

327 1257 428 1326 trutiis
445 1250 616 1320 abstineret
640 1271 738 1343 atque
758 1273 796 1318 ea
822 1253 972 1341 inprimis
996 1251 1215 1346 inuestigaret¹

323 1358 510 1448 gnitionem
521 1373 628 1422 rerum
643 1349 830 1418 diuinarum
844 1374 882 1418 ac
893 1350 984 1420 laluti
1000 1352 1181 1423 hominum
1197 1359 1207 1423 i
1259 1347 1262 1352 ’

323 1451 458 1524 stabiliti
474 1472 573 1544 atque
591 1453 701 1543 augeri
717 1444 816 1543 polle,
840 1449 1048 1526 existimauit.
1102 1458 1175 1524 Nec
1189 1477 1211 1522 n
1306 1456 1309 1480 ⁷

323 1553 419 1626 illum
437 1550 548 1622 multis
567 1550 649 1620 locis
668 1548 911 1621 obscurioribus
928 1559 1095 1623 maiorem
1119 1553 1227 1626 lucem

205 1773 210 1782 ,
387 1717 601 1766 avctonra
626 1695 747 1788 operis,
776 1691 867 1788 quod
881 1687 1013 1760 titulum
1031 1715 1098 1786 ptae
1121 1689 1259 1766 sehabet

324 1803 412 1869 tione
431 1817 511 1895 upon
527 1797 570 1864 all
591 1797 646 1863 the
672 1791 763 1862 books
780 1793 819 1884 os
832 1793 884 1861 the
903 1791 956 1860 old
968 1791 1038 1860 and
1052 1813 1125 1864 new
1144 1793 1215 1886 tella
1248 1807 1262 1894 Ἰ

321 1896 414 1969 usum
435 1893 603 1992 publicum
626 1894 819 1963 translatum
845 1894 879 1962 id
900 1891 944 1961 est
962 1891 1116 1963 sermone
1132 1897 1273 1992 anglico·

319 2015 494 2071 MDCXLV.
519 2013 649 2068 Mucel.
675 2017 711 2062 ac
733 1992 1057 2063 cumaccellionibus
1084 2013 1258 2072 MDctvn.

319 2095 380 2176 bur
408 2101 520 2172 tomis,
550 2118 587 2163 ac
609 2092 828 2188 compositum
853 2092 960 2162 studio
979 2095 1201 2166 variorum‘d
1257 2098 1264 2112 “

317 2201 467 2268 virorum
484 2200 520 2263 in
537 2193 671 2289 Anglia,
697 2217 841 2289 quorum
864 2196 1002 2262 nomina
1025 2190 1122 2265 sunt:
1151 2201 1224 2294 lay,

318 2305 406 2396 rictu
425 2292 639 2390 Custodem,
667 2292 847 2387 Franciscut
867 2295 997 2390 Taplor,
1022 2296 1226 2386 deportans,

319 2397 393 2482 dos,
417 2401 622 2479 Geuclterus,
641 2391 869 2476 Pembtrtonur‚
888 2395 1143 2486 dehereditaverat,
1168 2399 1244 2468 fen
1267 2409 1269 2414 '

319 2501 411 2581 bant,
434 2496 594 2592 dealing.
644 2501 739 2568 Prior
765 2519 873 2564 tomus
898 2495 1133 2590 complectitur
1162 2499 1263 2570 libros

320 2599 418 2672 Mose
439 2600 480 2669 ad
493 2595 643 2674 Iesaiamt
671 2597 828 2690 posterior
849 2620 957 2665 autem
978 2602 1160 2690 propbetas
1184 2621 1293 2694 arque

317 2699 388 2772 sum
408 2724 537 2772 nouum
558 2699 797 2788 testamentum
821 2723 889 2793 quae
912 2695 1035 2789 singula
1056 2697 1176 2794 scripta
1191 2703 1277 2771 notia

317 2821 350 2869 ta
368 2824 406 2869 ac
427 2823 542 2894 praeter
556 2801 631 2884 alia,
655 2800 811 2870 lectiones
829 2797 1041 2891 discrepantes
1057 2799 1208 2871 adducta
1226 2799 1311 2876 sunt..

316 2897 444 2969 satione
464 2927 567 2995 quum
586 2902 627 2970 de
647 2901 828 2970 necessitate
856 2902 1043 2992 exponitur,
1065 2901 1222 2974 codicem
1240 2901 1260 2975 s

206 3025 214 3038 ·
287 3004 351 3094 *itt
378 2999 526 3093 linguam
555 3001 765 3071 vernaculam
789 2998 1012 3080 transferendi,
1039 3004 1165 3072 notitia
1187 3005 1312 3096 verdon

316 3099 378 3171 lius
406 3099 609 3195 anglicarum
634 3099 876 3196 suppeditatur:
903 3105 939 3146 **
1310 3099 1311 3120 ³

379 3261 632 3313 teutrannus
665 3266 804 3331 rores,
839 3249 896 3339 qui
917 3238 1102 3312 referendus
1118 3243 1186 3314 huc
1201 3243 1312 3334 eslob,

312 3348 433 3412 tations
460 3363 540 3441 upon
562 3345 614 3413 tlte
640 3343 710 3435 hely
737 3339 834 3426 belle,
862 3344 991 3414 duobus
1018 3347 1144 3436 tomis,
1170 3343 1312 3441 quoruti

311 3443 456 3512 Londini
492 3462 732 3518 Moetxxxlll.
756 3441 815 3512 fol.
854 3447 1015 3540 posterior
1041 3443 1169 3515 ibidem
1207 3463 1312 3528 talant.l

312 3540 378 3618 fol.
402 3542 533 3636 prodiit.
584 3547 677 3634 Opus
695 3543 760 3610 hoc
770 3544 864 3613 Polus
883 3545 1017 3616 scribere
1033 3545 1173 3640 quidem
1191 3554 1308 3644 coepite

313 3663 347 3713 te
367 3667 476 3714 autem
496 3643 683 3735 impeditus,
709 3643 751 3710 ad
772 3642 871 3715 linem
898 3645 983 3714 haud
1004 3648 1185 3739 perducere
1207 3653 1312 3742 potuit

285 3767 378 3836 -que
402 3739 600 3812 eruditissimi
632 3746 691 3811 viri
727 3744 767 3811 ad
791 3744 870 3815 illud
900 3747 993 3841 plene
1013 3744 1265 3820 conficiendum
1287 3769 1313 3846 q

308 3837 402 3914 suam
416 3843 643 3913 adhibuerunt.
695 3849 859 3915 Enarratis
881 3847 951 3940 ipsis
979 3843 1144 3938 scriptura
1170 3852 1313 3946 verbia‚1

288 4015 292 4024 ,
307 3941 466 4014 lectiones
494 3949 652 4014 variantes
669 3967 707 4011 ac
726 3945 799 4012 loca
814 3947 975 4041 parallelo,
999 3946 1132 4016 additur
1150 3973 1224 4018 non
1242 3950 1313 4022 solur

309 4044 681 4140 cumdictionumque3
704 4044 875 4119 sedetiam
899 4070 1006 4117 rerum
1027 4045 1261 4124 obscuriorum
1286 4075 1313 4124 ea

296 4375 314 4412 ¹*
329 4369 448 4435 biblioth.
466 4369 555 4433 huius
570 4392 638 4437 tom.
659 4393 704 4444 ιι.
725 4395 753 4454 p.
782 4394 868 4452 ¹03⁴·
890 4367 948 4453 seq.

291 4467 327 4512 *⁸
346 4470 520 4534 morter-n
544 4495 597 4534 voit
615 4483 696 4550 einer,
708 4471 856 4555 ,Weber
872 4471 1012 4536 luente
1030 4478 1136 4542 wau.
1151 4499 1197 4546 rt.
1218 4500 1249 4564 p.
1263 4497 1314 4554 ao4

937 4783 1017 4807 Α
