2859 5067
349 424 635 477 tutotoctnt
667 425 960 481 txtorrtccr.
1173 408 1241 493 861

119 518 1245 547 W

128 602 279 675 vtrttt,
305 577 431 650 basilea
456 594 609 655 Μυκη.
633 574 700 649 fol.¹
723 574 767 649 'ac
783 604 859 651 cum
894 607 1098 657 nouortto
1126 593 1247 690 inprc.

122 678 240 755 rrrrbit
261 699 294 752 er
313 677 491 771 ecclelicbtrt
509 676 552 749 ab
567 682 709 751 chrico
722 681 852 774 Sccbfio,
873 684 1024 755 Coloniae
1052 706 1244 768 Mnxxxiil.

122 802 251 860 MDXL.
276 780 398 851 Parisris
422 798 553 855 Molvi.
575 779 808 874 polleaautem
824 788 858 852 in
872 782 1064 856 bibliothecis
1097 792 1246 861 orrum*

123 882 237 955 lucem
256 883 419 969 viderunt,
444 878 594 975 adscripti
621 903 827 973 tonitruo,
854 884 1010 981 episcopo
1034 809 1182 961 tolitano
1200 893 1246 962 se-

126 984 196 1055 culi
211 984 348 1078 septimi,
372 1007 390 1050 a
412 978 583 1051 nonnullis
604 976 687 1051 falso
705 982 849 1053 Pomerio
863 985 965 1059 dicto.
1042 989 1104 1059 Sed
1125 991 1166 1061 de
1184 1016 1246 1079 au·

125 1106 281 1155 ctoceres
298 1106 369 1152 non
385 1083 532 1177 expedita
550 1078 595 1150 est
608 1078 1039 1181 sententiaequescriptotunr
1050 1086 1124 1159 sunt
1136 1097 1243 1168 varie.

126 1185 196 1257 Alii
214 1198 538 1271 incnrnanrvtr,
570 1179 723 1253 abbatem
745 1183 958 1257 cafinensem:
982 1187 1035 1257 alii
1069 1212 1246 1263 niceron-

132 1309 219 1357 nurc
251 1281 486 1354 cluniacensem
507 1283 735 1355 monachum:
761 1283 816 1354 alii
836 1285 987 1383 denique,
1014 1292 1060 1358 vti
1081 1292 1149 1359 iam
1172 1316 1246 1363 nte·

121 1390 267 1469 rnoraui,
298 1408 447 1455 teitau
460 1406 519 1453 vic
547 1379 731 1453 toletanum
752 1382 974 1479 dilttttpcr‘tut,
993 1414 1136 1485 quorum
1152 1416 1244 1462 rnen·

126 1492 257 1557 tionem
284 1483 375 1573 fecit,
401 1504 572 1553 auctorem
595 1478 676 1564 esse,
699 1482 910 1559 arbitrantur.
973 1492 1011 1557 ln
1028 1489 1245 1588 discrepantia

124 1588 324 1661 baccorum
344 1584 504 1654 sententia
526 1583 657 1676 reliquis
676 1582 883 1676 probabilior
904 1585 960 1679 est,
986 1592 1050 1681 qui'
1062 1614 1145 1685 opus
1164 1593 1245 1663 illud

131 1708 386 1759 retractio
413 1682 573 1752 tribuunt.
620 1685 750 1752 Nititur
763 1685 820 1754 ista
843 1685 1048 1781 testimoniis,
1061 1714 1131 1786 quet
1146 1690 1246 1766 fidem

125 1786 269 1859 faciunt.
298 1786 340 1827 *¹*
377 1783 585 1853 Adduntur:
632 1802 866 1854 totcurtcvs
902 1786 1031 1858 calaber
1051 1788 1096 1859 ob
1122 1814 1246 1864 comt.

129 1890 222 1958 diam
237 1891 359 1956 otterit
380 1908 417 1953 oc
437 1889 511 1951 mot
528 1878 714 1977 testamenti,
744 1888 886 1955 Venetiis
910 1906 1048 1961 MDXIx.
1074 1912 1111 1982 4.
1149 1900 1247 1989 quin.

132 2010 200 2082 quc
215 1985 306 2055 libris
321 2008 359 2054 ac
389 2006 682 2054 urinuntnrrs
707 1983 754 2056 ob
772 1984 894 2057 librum
920 1988 960 2059 de
976 1990 1142 2063 concordia
1162 2012 1248 2064 octe·
1281 1996 1284 2003 '

129 2094 182 2160 ris
202 2106 236 2157 rt
255 2092 330 2155 noui
352 2084 536 2176 testamenti.
562 2088 615 2129 *¹¹*

194 2192 242 2259 Ex
256 2188 497 2277 socinianorum
523 2185 640 2257 ordine
682 2209 922 2257 rnrucrtco
961 2213 1115 2261 cvrnno
1152 2191 1246 2263 locut

132 2293 221 2363 inter
247 2286 419 2383 scriptoret
438 2287 501 2357 hot
521 2285 687 2369 tribuitur,
710 2312 815 2383 quum
829 2287 881 2359 ille
899 2292 1148 2363 conciliationem
1168 2292 1249 2361 loco·

129 2414 206 2463 rum
235 2398 405 2487 utriusque
418 2386 575 2483 socieris,
599 2412 668 2489 quc
691 2396 857 2459 contraria
881 2388 935 2484 effe
959 2394 1136 2476 videntur,
1173 2392 1248 2469 reli·
1288 2470 1291 2479 ,

131 2494 258 2589 quotit3
282 2516 355 2562 non
373 2489 547 2585 separatim
570 2510 681 2561 autem
698 2489 757 2559 ista
778 2492 816 2558 in
832 2489 941 2561 lucem
956 2493 1090 2586 prodiit.
1116 2494 1137 2539 *

555 2656 589 2753 §-
638 2654 761 2731 xvn.

192 2778 319 2857 Clariis
349 2764 563 2875 scriptorum
586 2772 887 2849 harmonicorum
903 2776 1058 2867 *secundo
1084 2800 1250 2877 compte·

84 2876 214 2958 bendit
232 2900 289 2973 ea,
314 2900 395 2977 quae
416 2878 465 2951 ita
489 2874 686 2973 composita
707 2875 802 2973 sunt,
828 2898 866 2951 vt
889 2874 1075 2974 speciatim
1098 2878 1145 2955 ad
1170 2904 1249 2975 cer.

84 3002 140 3061 tos
161 2978 275 3054 libros
302 2975 445 3051 codicis
472 2974 596 3050 diuini
621 2975 795 3075 spectent.
846 2974 1037 3055 Differunt
1058 2980 1120 3054 illa
1142 2978 1246 3081 sique

84 3080 129 3162 td
151 3080 247 3181 ipsos
267 3077 380 3152 libros
404 3074 659 3175 respiciamus,
686 3100 847 3175 quorum
869 3079 950 3153 loca
973 3074 1038 3153 fibi
1064 3083 1248 3157 contraria

84 3178 154 3263 cll'e
170 3178 346 3255 videntur
373 3200 483 3276 atque
504 3176 598 3252 inter
615 3176 652 3253 se
673 3175 931 3265 conciliantur,
960 3178 1036 3254 duo
1060 3179 1143 3257 sunt
1162 3178 1248 3258 ilio.

84 3284 167 3363 turn¹
185 3302 338 3385 genera.
395 3277 481 3357 Alia
495 3278 684 3378 pertinent
706 3276 753 3353 ad
774 3300 905 3355 vetus:
943 3280 1014 3357 alia
1036 3281 1082 3358 ad
1102 3306 1248 3379 nouum

1142 3384 1249 3460 testa·

84 3538 479 3563 *au—n·-
797 3536 1015 3555 —n——n
1021 3534 1249 3557 *ιι-ι

117 3612 138 3658 t
162 3612 301 3693 colonicttst
319 3613 392 3673 unni
416 3630 610 3674 uocxrttr.
633 3628 701 3676 toto.
728 3630 784 3673 cr.
801 3630 830 3693 p.
845 3630 897 3692 95.
917 3612 1079 3697 lugdumpi'
1092 3633 1159 3675 tart.
1178 3634 1246 3681 xri.

119 3704 316 3879 *eligimur
342 3792 397 3855 hac
419 3790 458 3853 dc
473 3812 521 3853 rer
543 3810 702 3853 turonic
724 3786 881 3850 bibliothece
897 3788 1008 3867 bispant
1026 3808 1102 3849 vetut
1130 3806 1199 3851 tort.
1222 3808 1245 3848 t.

150 3896 183 3958 p.
208 3896 274 3955 307.
299 3898 390 3941 cnut
420 3875 532 3955 bellortit
555 3876 676 3935 lttrcrar.
695 3876 829 3954 scriptor.
857 3875 1047 3943 tcclrltailicor.
1070 3870 1244 3937 volumini.

150 3980 185 4040 p·
201 3964 267 4040 596.
292 3978 322 4022 et
335 3960 435 4019 ttolrttrt¹
453 3980 489 4021 ιι.
511 3978 542 4039 p,
556 3981 607 4031 44.
632 3978 739 4017 nm
749 3978 766 4016 c
776 3978 801 4014 rr
819 3955 938 4029 syllabus
947 3961 1116 4035 scriptorum
1131 3964 1162 4015 de
1174 3960 1246 4015 ocri·

151 4060 210 4104 mr
226 4044 362 4125 religionis
381 4040 532 4120 cbriJlim
547 4062 604 4120 cop.
625 4062 654 4102 t.
674 4061 702 4118 p.
720 4045 789 4103 260.
815 4057 849 4097 rc
871 4039 1026 4098 bibliotheca
1046 4038 1132 4098 litim
1154 4038 1246 4098 medic

151 4142 179 4186 tt
207 4124 305 4203 infinie
325 4131 414 4186 ccctis
437 4126 539 4188 witru.
558 4144 606 4189 tr.
623 4145 654 4203 p.
673 4134 741 4196 584.
779 4142 822 4183 tt
857 4139 956 4181 rouo
985 4120 1142 4183 bibliotheca
1161 4119 1247 4197 sacra

120 4228 180 4351 ”il
200 4228 351 4417 lobiilemt
369 4304 466 4451 ppido
481 4324 591 4391 ομνια
613 4305 674 4367 eius
692 4300 788 4363 studio
806 4300 975 4385 Botgetrdrii
1002 4302 1112 4385 prodiit
1135 4270 1245 4385 Parisiis

86 4512 90 4535 =
108 4484 141 4565 :¹
150 4410 455 4557 ¹{libitialolliiinuitin
470 4490 578 4551 ararit
594 4486 659 4549 eiua
676 4479 802 4565 obtisrti
820 4503 852 4567 p.
872 4500 942 4561 ιη.
961 4491 1035 4561 tbi.
