2859 5067
395 440 675 490 ruroroortu
708 438 994 497 rxaaerrear.
1183 410 1257 510 Ι’ὶ77

214 621 401 669 uruarrr
439 618 813 669 urouuawaoaurt
850 596 1261 695 kettepropbetischerpot·

149 704 407 789 terpiehrthert,
431 696 636 789 perpetiendo,
665 693 731 791 defi
752 701 805 766 dte
825 700 999 792 autiegreng
1021 704 1081 767 der
1103 698 1261 791 offensab-

100 842 103 849 ·
146 824 236 895 rung
259 805 385 870 Ioannis
413 798 615 889 einsnuhrer
628 796 769 895 Jeblltffes
786 801 845 867 Aer
870 798 1079 895 nefiagungp
1094 825 1150 869 aus
1175 810 1262 870 einer
1291 867 1293 873 .

146 908 258 974 voikon
267 925 377 970 menen
394 899 684 995 eseree'nsstmmung
700 924 759 968 aer
771 896 972 997 offenbarung
989 923 1048 967 mer
1063 899 1133 969 dem
1144 902 1262 985 ,bohen-

149 1004 216 1075 oea
242 1006 413 1072 Salomonis
443 1006 509 1071 und
541 1023 661 1094 einiger
679 997 913 1093 pedrinians
931 1025 952 1068 n
976 1006 1261 1100 propoezeyang'm,
1334 1030 1337 1037 “

89 1150 92 1155 -
152 1103 359 1176 francofurti
390 1121 550 1174 ntotcxt.
574 1124 605 1187 4.
639 1105 757 1194 Operis
775 1102 869 1170 huius
910 1126 947 1170 ex
970 1099 1118 1171 sermone
1133 1102 1261 1197 belgico

150 1209 189 1276 in
211 1209 432 1297 germanicum
465 1199 631 1283 conuersi,
657 1224 727 1270 non
754 1226 791 1271 ea
818 1202 862 1270 est
882 1225 985 1283 ratio,
1009 1224 1048 1272 rt
1074 1206 1262 1298 perpetuam

151 1304 383 1403 apocalypseos
408 1300 642 1397 expositionem
667 1303 921 1397 complectatu13
945 1301 997 1372 sed
1023 1310 1139 1374 auctor
1164 1310 1262 1375 mittr-

152 1406 253 1477 strare
274 1401 401 1475 adnisus
430 1402 493 1490 est,
520 1401 729 1497 apocalypsin
752 1409 912 1472 vaticiniis
931 1404 1055 1473 'ueteris
1084 1405 1265 1477 testamenti
1322 1472 1324 1482 ,

152 1504 261 1578 lucem
279 1505 420 1601 prebere
438 1506 570 1598 hacque
587 1527 625 1572 ex
646 1503 698 1571 iila
714 1503 902 1596 explicanda
917 1502 987 1583 esse,
1002 1530 1171 1601 quumque
1190 1510 1264 1602 opi-

152 1629 272 1687 natur,
304 1605 490 1675 Salomonis
521 1607 703 1672 cauticum
722 1604 809 1673 libris
835 1606 1032 1698 propheticis
1057 1606 1264 1678 adnumerari

127 1706 296 1803 uehere,
320 1710 430 1800 priora
460 1702 610 1772 undecim
636 1709 743 1799 capita
766 1703 998 1799 apocalypseos
1032 1730 1108 1775 curn
1133 1712 1264 1777 cantico

151 1808 217 1879 isto
237 1828 347 1901 ‘atque
384 1804 510 1899 aliquot
546 1806 779 1898 prophetarum
815 1804 1079 1900 praedictionibus
1115 1806 1266 1896 contulit,

155 1930 259 2003 quarn
272 1912 554 1999 comparationem
570 1904 733 1974 interdurn
750 1930 821 1975 non
835 1906 917 1974 bene
931 1905 1110 1975 institutam
1127 1900 1199 1997 esse,
1215 1904 1266 1975 fa.

159 2005 220 2076 cile
241 2004 375 2100 intelligi
393 2004 509 2099 potest.
560 2010 644 2091 Quae
663 2005 753 2075 libris
774 2004 907 2074 foederis
928 2010 1045 2100 prioris
1066 2007 1106 2076 de
1120 2002 1268 2104 Assyriis,

154 2107 269 2178 iudaeis
288 2130 385 2201 atque
403 2105 472 2174 aliis
492 2106 641 2199 gentibus
666 2105 753 2174 dicta
772 2106 854 2188 sunt,
886 2128 924 2174 ea
940 2106 981 2175 ad
998 2130 1047 2175 res
1065 2110 1147 2176 noui
1172 2106 1266 2176 cesta.

154 2211 272 2287 menti,
295 2198 333 2277 ¹itt
359 2204 542 2300 apocalypsi
565 2205 738 2300 indicatas,
760 2204 914 2300 respicere
941 2230 977 2275 ac
997 2204 1117 2299 figuras
1138 2207 1269 2279 illarum

153 2306 318 2392 exhibere,
339 2327 452 2401 putat:
476 2310 655 2376 Cocceium
674 2305 816 2403 sequitur
837 2331 875 2376 ac
894 2305 1087 2377 sententiam
1107 2307 1147 2377 de
1163 2312 1269 2403 regno

153 2406 244 2479 mille
271 2431 437 2478 annorum
459 2404 672 2477 defendite*
761 2391 775 2422 ⁸

219 2546 415 2593 conatur
471 2546 732 2593 aavssttrutt
771 2519 909 2621 schletffcl
939 2521 999 2593 der
1024 2510 1271 2621 offenbabru'trg,

160 2620 338 2694 Offenbaci
364 2641 553 2696 Muccxlll.
579 2650 616 2717 4.
650 2623 705 2693 vbi
732 2646 770 2694 ea
791 2630 976 2721 traduntur²
999 2650 1069 2722 qua
1097 2625 1271 2721 paradoxis

156 2725 369 2794 adnumerari
391 2717 540 2817 possunt:
1211 2728 1213 2733 '

149 2888 153 2895 ,
225 2844 420 2891 uenator
455 2812 1274 2926 aorttuourruer‘ksaarr'ngousrdeopenberin·

153 2946 198 3019 ge
217 2931 446 3031 nauseantem.
466 2921 863 3017 Harlingae·M'1)ccxv11.
890 2954 925 3016 4.
1047 3016 1049 3021 Ι
1086 2978 1088 2983 -

121 3048 141 3096 .“
226 3058 412 3109 turoutt
449 3059 696 3106 unrussrutr
727 3040 949 3111 meditationes
970 3036 1141 3135 infircrem
1164 3058 1271 3134 apoca-

162 3134 272 3231 lypssn,
297 3140 437 3208 Traiecti
468 3133 509 3204 ad
531 3135 684 3205 Rhenum
709 3158 973 3237 ntDccxv11.4.
1009 3146 1090 3211 Eam
1111 3144 1275 3229 rationem

163 3233 376 3332 apocalypsin
394 3233 587 3329 explicandi,
614 3258 731 3307 auctor
750 3243 834 3329 iniit,
858 3267 929 3336 quae
953 3267 1041 3310 noua
1058 3240 1192 3337 quidem
1210 3238 1274 3315 'est3

163 3361 313 3421 attamen
344 3340 441 3406 etiam
472 3334 580 3425 multis
605 3334 846 3409 difficultatibus
872 3342 1030 3411 obnoxia.
1109 3337 1278 3431 Persuadet

163 3436 236 3526 fibi,
255 3436 376 3532 septem
396 3430 542 3506 ecelesias
559 3435 715 3522 asiaticas,
740 3439 781 3508 ad
800 3466 881 3534 quas
909 3448 944 3510 in
967 3428 1052 3511 libio
1073 3440 1139 3510 hoc
1161 3440 1277 3508 diuino

163 3540 289 3609 exstant
311 3537 465 3634 epistola,
489 3535 577 3607 velut
592 3537 788 3607 emblemata
806 3534 866 3609 esse
878 3541 1024 3625 ecclesiae,
1039 3547 1073 3612 in
1089 3545 1210 3636 septem
1228 3538 1277 3608 di·

163 3638 286 3711 stinctae
303 3663 472 3734 tempora3
497 3660 603 3732 neque
616 3644 651 3707 in
666 3643 704 3708 iis
722 3637 930 3720 historicum
953 3644 1005 3713 sed
1022 3641 1192 3734 mysticum
1208 3637 1278 3709 sen-

166 3736 237 3811 sum
255 3739 367 3811 locum
388 3727 519 3825 habere.
563 3739 784 3810 Periodorum
807 3740 913 3810 annos
934 3743 1087 3811 adcurate
1112 3765 1151 3809 ac
1166 3736 1279 3808 distin-

168 3860 222 3910 ete
235 3836 383 3936 definire,
410 3838 467 3935 sibi
488 3836 594 3912 sumit.
645 3844 675 3911 A
700 3838 820 3933 septem
838 3843 980 3936 periodis
1001 3841 1167 3935 distinguit
1187 3862 1280 3909 octa.

168 3963 249 4011 uam
281 3962 380 4034 atque
402 3938 550 4008 ultimam
566 3962 598 4009 et
615 3940 656 4010 ad
678 3940 766 4009 illam
789 3940 899 4026 refert,
921 3967 991 4035 qua
1007 3941 1048 4010 de
1067 3964 1172 4037 regno
1191 3939 1285 4021 misle

166 4062 334 4111 annorum
352 4039 502 4134 praedicta
524 4039 605 4110 sunt.
650 4039 947 4130 Resurrectionem,
963 4065 1034 4137 quae
1052 4062 1128 4119 ante
1141 4064 1279 4134 regnunt

167 4140 236 4213 hoe
257 4136 328 4212 fieri
353 4136 488 4222 debeat,
516 4138 646 4211 litterali
671 4138 827 4209 sententia
850 4139 1096 4234 intelligendam
1116 4137 1196 4223 esse,
1218 4140 1282 4209 sia-
1336 4136 1339 4140 ’

689 4246 828 4333 Οεες
1103 4265 1108 4285 t
1207 4244 1280 4310 mm

159 4500 181 4547 θ
201 4518 463 4565 erureurnurr
485 4499 647 4598 caepisti·
663 4500 804 4568 munke
831 4522 863 4589 p.
878 4520 953 4589 932·
