2859 5067
358 438 636 491 rurotoorsu
669 435 961 493 uxrorrrcru.
1190 424 1267 527 849

93 544 304 585 -r-

131 582 213 652 strat
231 610 331 681 atque
352 591 501 681 exponit,
525 608 564 657 vt
586 584 681 659 fimul
698 590 891 677 interpretes
918 610 1037 657 eorum
1065 611 1187 683 prauos
1209 612 1261 661 re·

85 736 87 741 .
130 682 226 755 fellat
250 712 288 757 ac
307 685 457 757 salutaria
480 710 640 783 praecepta
663 686 705 757 de
723 685 830 755 studio
857 690 929 758 vitae
953 686 1123 759 sanctioris
1145 689 1261 761 adiun-

87 824 109 850 .-
129 806 204 879 gat.
227 791 245 828 *
280 793 378 882 Apte,
397 792 443 857 vri
463 788 622 875 existimo,
646 786 722 858 addi
750 782 909 881 poffunt:
949 809 1062 859 curu.
1092 812 1258 862 rrorrrrn

129 888 174 955 de
190 895 286 957 uaria
303 892 481 959 conditione
503 907 536 959 rt
548 885 636 981 statu
653 886 774 981 ecclessae
794 886 849 956 dei
862 882 923 977 sub
946 889 1070 986 triplici
1088 898 1259 963 cronomr'a

129 989 391 1084 patriarcharum
405 1014 443 1059 ac
454 987 631 1083 testamenti
647 995 768 1059 veteris
786 1004 820 1056 rt
839 986 977 1087 denique
995 995 1072 1060 noui
1084 986 1162 1059 libri
1177 1006 1260 1077 tter,

88 1140 95 1147 .
133 1086 251 1184 quibus
265 1086 578 1186 plurritrafircnnrrm
600 1090 787 1163 litterarum
813 1091 951 1172 oracula,
974 1088 1125 1161 doctrina
1149 1092 1259 1162 dme-

127 1186 297 1281 ssrmentir
318 1210 351 1260 rt
359 1185 537 1283 joedmbus
562 1191 626 1273 dei,
650 1186 767 1261 urnbrae
783 1196 903 1258 vernis
928 1186 1103 1280 tellement
1128 1198 1258 1291 eiusque

135 1312 159 1359 a
175 1312 256 1361 nouo
277 1290 461 1383 differentia
488 1310 522 1361 et
551 1288 912 1383 memorabiirr'ecclessae
934 1287 1018 1383 crfirr
1047 1312 1260 1379 enarrantur,

134 1390 229 1483 quod
247 1414 333 1487 opus
353 1396 474 1463 iterum
492 1404 593 1487 atque
609 1397 728 1461 iterum
750 1390 863 1458 litteris
881 1388 1074 1485 descriptum
1089 1392 1143 1464 est.
1175 1398 1258 1465 Pro-

135 1488 198 1561 diit
226 1490 307 1562 iliud
330 1495 367 1561 in
395 1493 504 1563 lucem
526 1490 765 1563 Amsielodami
789 1507 992 1563 MDOLxxll·
1017 1512 1257 1569 MDchxxlv.

134 1606 325 1666 rrucxmv.
352 1590 566 1667 Francofurti
591 1606 808 1663 mocxcvm.
832 1587 958 1659 Bafileae
983 1610 1196 1671 uoccxvm.
1218 1619 1255 1687 4.

133 1688 283 1761 Multum
303 1690 333 1761 se
349 1687 592 1761 commendasse
606 1688 727 1759 librum
746 1690 855 1766 hunc;
881 1714 943 1759 nec
968 1691 1167 1783 mediocrem
1188 1698 1256 1765 exi-

132 1788 358 1861 stimationem
382 1791 438 1861 fibi
463 1786 681 1884 comparasse,
711 1791 872 1859 editiones
903 1788 1141 1885 frequentiores
1163 1816 1257 1881 com·

132 1890 293 1982 probant.
343 1896 442 1961 Recte
459 1915 595 1986 quoque
614 1896 640 1960 is
661 1894 697 1959 in
716 1894 823 1984 pretio
841 1888 989 1960 habetur.
1040 1895 1179 1961 Enarrat
1191 1884 1258 1985 ''au-

133 2010 210 2058 ctor
233 1995 459 2061 oeconomiam
481 1992 532 2061 dei
555 1996 591 2060 in
610 1989 740 2061 ecclesia
770 1990 812 2059 ab
831 1990 927 2059 initio
952 1990 1068 2061 mundi
1088 1992 1194 2091 usque'¹
1214 1992 1257 2065 ad

135 2108 288 2183 tempora
311 2092 384 2183 post
403 2092 556 2161 christum
581 2114 615 2162 et
639 2090 806 2186 apostolos
834 2095 925 2161 eius:
961 2092 1129 2161 constituit
1150 2113 1256 2163 certas

131 2188 221 2261 illius
236 2191 409 2285 periodos:
438 2192 576 2288 explicat
594 2190 720 2286 singula
734 2196 778 2260 rei
795 2196 901 2286 capita
920 2193 1044 2262 emdite
1057 2214 1089 2262 et
1108 2192 1258 2264 distincte

123 2313 176 2359 ‚ac
197 2297 349 2385 quamuis
365 2292 546 2364 Cocceium
563 2290 664 2363 fuerit
680 2290 840 2383 sectatus3
871 2292 1081 2363 moderatum
1099 2312 1209 2362 tamen
1226 2292 1259 2365 se

94 2446 99 2453 .
131 2388 256 2485 probet
284 2397 425 2463 maxime
448 2398 484 2463 in
504 2397 569 2477 iis,
607 2418 679 2488 quae
708 2396 745 2463 in
777 2390 1046 2485 disceptationem
1082 2414 1255 2474 venemnt.

133 2496 218 2589 Qut
235 2498 351 2563 omnia
367 2490 626 2589 quumedisserit
642 2498 818 2573 Momma,
844 2515 915 2560 non
936 2493 1041 2562 ibium
1069 2492 1257 2583 doctrinam

133 2591 176 2660 de
198 2592 395 2663 testamentis
414 2618 453 2662 ac
473 2590 652 2663 foederibus
682 2594 735 2662 dei
759 2590 913 2667 illustram
944 2590 995 2662 sed
1020 2596 1119 2661 etiam
1152 2592 1257 2667 muita
1334 2644 1336 2649 -

129 2688 294 2786 scripturae
315 2692 389 2763 loca
406 2691 607 2789 obscuriora,
623 2696 773 2787 inprimis
789 2695 944 2761 vaticinia
964 2690 1126 2786 explanat.
1153 2692 1256 2769 Caus-

130 2788 168 2862 sa
184 2795 284 2885 igimr
298 2790 373 2875 fuit,
395 2817 453 2862 cur
471 2814 632 2887 putarem,
660 2794 907 2863 monimentum
929 2791 996 2861 hoc
1013 2796 1137 2887 ingenii
1156 2818 1255 2877 ame

134 2914 210 2961 non
228 2897 357 2985 penitus
373 2893 684 2985 praetermittendum
702 2888 775 2961 effe.
812 2896 845 2935 *⁴¹

149 3041 171 3089 4
194 2995 281 3061 Inter
297 2990 482 3062 socinianos
502 2992 647 3075 fuerunt,
671 2997 729 3087 qui
749 2993 967 3085 cogitationes
983 2989 1050 3061 suas
1071 2991 1113 3063 ad
1134 3018 1254 3065 oracu-

133 3090 170 3161 la
195 3092 307 3161 diuina
330 3091 370 3161 de
400 3098 541 3163 trinitate
565 3092 776 3169 conferrent;
810 3114 880 3159 non
902 3114 943 3161 eo
965 3115 1074 3163 aurern
1101 3093 1253 3180 consilio,

129 3212 169 3261 vt
185 3191 240 3267 iila
257 3215 330 3262 rere
349 3196 657 3286 interpretarentur;
682 3190 735 3263 sed
758 3191 798 3261 ad
818 3192 981 3263 nefarium
1000 3212 1098 3288 atque
1109 3198 1252 3293 impsum

131 3316 280 3361 errorem
290 3290 383 3362 suum
408 3293 634 3364 stabiliendum
646 3314 878 3390 peruerterent.
909 3298 945 3360 In
960 3317 1099 3365 numero
1118 3294 1254 3369 iliorum

130 3392 177 3463 est
206 3416 415 3464 orossius
448 3417 713 3477 eutromius,
740 3394 1031 3491 quicxplr'catr'onrs
1049 3398 1253 3466 locorumve·

128 3500 212 3589 teris
228 3511 259 3563 et
268 3501 343 3564 noui
353 3492 538 3587 testamenti,
548 3520 590 3565 tx
604 3496 718 3595 quibus
732 3500 896 3565 trinitatis
904 3492 1015 3591 dogma
1017 3492 1157 3587 stabiliri
1162 3495 1253 3589 solet,

131 3592 273 3687 reliquit.
334 3599 455 3665 Lucem
476 3594 688 3690 adspexerunr
704 3595 763 3665 illae
786 3596 928 3689 primurn
950 3600 983 3663 in
1004 3596 1251 3674 Tranfituanim

127 3693 315 3793 proscripta
328 3720 438 3769 autem
448 3696 495 3769 ibi
504 3696 690 3769 nonsoium
697 3716 709 3781 3
734 3694 906 3785 sed-multa
923 3719 1177 3793 quoqueearnm
1197 3720 1253 3765 ex·

192 3790 196 3795 ¹
425 3862 428 3867 .
1142 3795 1252 3891 empla

115 4027 136 4068 ί·
166 4022 336 4107 vnschuldr'ge
361 4028 553 4103 medrichrm,
579 4048 663 4103 ¹⁷¹²·
696 4049 726 4107 p.
755 4046 827 4106 993,
858 4043 943 4101 ¹7¹3·
966 4044 994 4103 p.
1021 4025 1089 4093 506.
1110 4038 1140 4085 et
1168 4040 1253 4095 ¹7¹5·

149 4128 183 4187 p.
202 4124 273 4183 705.
294 4128 375 4168 nourr
392 4110 547 4181 hrrtbrrlrai
566 4116 613 4171 der
629 4110 767 4193 psit-brun
783 4110 848 4170 mele
869 4108 969 4172 volunt.
991 4126 1030 4172 rt,
1054 4125 1083 4187 p.
1106 4116 1176 4181 580.
1205 4124 1257 4165 ιι·

150 4208 371 4251 urrunnun
393 4192 552 4275 exegetiscbt
571 4192 708 4253 bibliothec
732 4215 760 4271 p.
781 4200 851 4266 767.
1158 4196 1160 4201 ’

115 4308 157 4357 **
175 4330 237 4371 arta
255 4314 429 4377 eruditorum
449 4334 688 4381 nocturnis.
712 4334 742 4397 p.
761 4320 814 4397 96.
846 4332 1110 4381 aturruruaurr
1139 4314 1258 4395 exegeri-

136 4392 203 4475 srbe
217 4392 357 4459 bibliothec
377 4419 407 4481 p.
428 4412 501 4481 7⁶3.

470 4570 478 4585 .
556 4540 588 4587 -,
655 4480 755 4584 utu
