<?xml version="1.0" encoding="UTF-8"?>
<!DOCTYPE html PUBLIC "-//W3C//DTD XHTML 1.0 Transitional//EN"
    "http://www.w3.org/TR/xhtml1/DTD/xhtml1-transitional.dtd">
<html xmlns="http://www.w3.org/1999/xhtml" xml:lang="en" lang="en">
 <head>
  <title>
</title>
<meta http-equiv="Content-Type" content="text/html;charset=utf-8" />
  <meta name='ocr-system' content='tesseract 3.04.00' />
  <meta name='ocr-capabilities' content='ocr_page ocr_carea ocr_par ocr_line ocrx_word'/>
</head>
<body>
  <div class='ocr_page' id='page_1' title='image "./iogeorgiiwalchi02walcgoog/iogeorgiiwalchi02walcgoog_0337.png"; bbox 0 0 2859 5067; ppageno 0'>
   <div class='ocr_carea' id='block_1_1' title="bbox 195 389 1093 470">
    <p class='ocr_par' dir='ltr' id='par_1_1' title="bbox 195 389 1093 470">
     <span class='ocr_line' id='line_1_1' title="bbox 195 389 1093 470; baseline -0.026 -11"><span class='ocrx_word' id='word_1_1' title='bbox 195 392 274 470; x_wconf 73' lang='lat'>406</span> <span class='ocrx_word' id='word_1_2' title='bbox 499 395 587 448; x_wconf 79' lang='lat' dir='ltr'>err.</span> <span class='ocrx_word' id='word_1_3' title='bbox 607 395 715 446; x_wconf 80' lang='lat' dir='ltr'>verr.</span> <span class='ocrx_word' id='word_1_4' title='bbox 747 392 799 441; x_wconf 81' lang='lat' dir='ltr'>nr</span> <span class='ocrx_word' id='word_1_5' title='bbox 831 389 1041 442; x_wconf 78' lang='lat' dir='ltr'>scruter-e</span> <span class='ocrx_word' id='word_1_6' title='bbox 1091 435 1093 452; x_wconf 81' lang='grc'>,</span> 
     </span>
    </p>
   </div>
   <div class='ocr_carea' id='block_1_2' title="bbox 218 537 1162 3828">
    <p class='ocr_par' dir='ltr' id='par_1_2' title="bbox 218 537 1156 633">
     <span class='ocr_line' id='line_1_2' title="bbox 218 537 1156 633; baseline -0.014 -14"><span class='ocrx_word' id='word_1_7' title='bbox 218 539 229 618; x_wconf 58' lang='lat' dir='ltr'>s</span> <span class='ocrx_word' id='word_1_8' title='bbox 255 544 383 621; x_wconf 79' lang='lat' dir='ltr'><strong>refellit.</strong></span> <span class='ocrx_word' id='word_1_9' title='bbox 433 552 472 615; x_wconf 91' lang='lat' dir='ltr'>In</span> <span class='ocrx_word' id='word_1_10' title='bbox 492 546 575 615; x_wconf 87' lang='lat' dir='ltr'>lotis</span> <span class='ocrx_word' id='word_1_11' title='bbox 597 541 839 615; x_wconf 78' lang='lat' dir='ltr'>obscurioribus</span> <span class='ocrx_word' id='word_1_12' title='bbox 862 540 952 610; x_wconf 91' lang='lat' dir='ltr'>haud</span> <span class='ocrx_word' id='word_1_13' title='bbox 977 537 1156 633; x_wconf 77' lang='lat' dir='ltr'>quidquam</span> 
     </span>
    </p>

    <p class='ocr_par' dir='ltr' id='par_1_3' title="bbox 223 640 1162 3828">
     <span class='ocr_line' id='line_1_3' title="bbox 223 640 1162 744; baseline -0.013 -26"><span class='ocrx_word' id='word_1_14' title='bbox 223 683 233 696; x_wconf 91' lang='lat'><strong>·</strong></span> <span class='ocrx_word' id='word_1_15' title='bbox 259 651 309 732; x_wconf 83' lang='lat' dir='ltr'>tir,</span> <span class='ocrx_word' id='word_1_16' title='bbox 334 644 427 743; x_wconf 89' lang='lat' dir='ltr'>quod</span> <span class='ocrx_word' id='word_1_17' title='bbox 449 645 630 715; x_wconf 84' lang='lat' dir='ltr'>adsensum</span> <span class='ocrx_word' id='word_1_18' title='bbox 649 644 819 715; x_wconf 83' lang='lat' dir='ltr'>litteralem</span> <span class='ocrx_word' id='word_1_19' title='bbox 842 640 1028 710; x_wconf 89' lang='lat' dir='ltr'>eruendum</span> <span class='ocrx_word' id='word_1_20' title='bbox 1040 642 1162 744; x_wconf 66' lang='lat' dir='ltr'>pertine</span> 
     </span>
     <span class='ocr_line' id='line_1_4' title="bbox 259 735 1162 840; baseline -0.013 -24"><span class='ocrx_word' id='word_1_21' title='bbox 259 744 347 816; x_wconf 91' lang='lat' dir='ltr'>ditur</span> <span class='ocrx_word' id='word_1_22' title='bbox 365 746 499 839; x_wconf 87' lang='lat' dir='ltr'>quidem</span> <span class='ocrx_word' id='word_1_23' title='bbox 524 744 603 840; x_wconf 82' lang='lat' dir='ltr'>saepe</span> <span class='ocrx_word' id='word_1_24' title='bbox 628 770 699 813; x_wconf 87' lang='lat' dir='ltr'>are</span> <span class='ocrx_word' id='word_1_25' title='bbox 729 740 900 837; x_wconf 84' lang='lat' dir='ltr'>principali</span> <span class='ocrx_word' id='word_1_26' title='bbox 925 735 1097 810; x_wconf 89' lang='lat' dir='ltr'>interdum</span> <span class='ocrx_word' id='word_1_27' title='bbox 1122 735 1162 805; x_wconf 88' lang='lat' dir='ltr'>lm</span> 
     </span>
     <span class='ocr_line' id='line_1_5' title="bbox 261 837 1162 937; baseline -0.013 -23"><span class='ocrx_word' id='word_1_28' title='bbox 261 855 373 916; x_wconf 83' lang='lat' dir='ltr'>aurem</span> <span class='ocrx_word' id='word_1_29' title='bbox 392 845 529 915; x_wconf 81' lang='lat' dir='ltr'>utilitate</span> <span class='ocrx_word' id='word_1_30' title='bbox 551 866 673 922; x_wconf 83' lang='lat' dir='ltr'>carent,</span> <span class='ocrx_word' id='word_1_31' title='bbox 702 867 773 937; x_wconf 85' lang='lat' dir='ltr'>quae</span> <span class='ocrx_word' id='word_1_32' title='bbox 787 837 916 911; x_wconf 79' lang='lat' dir='ltr'>disserit.</span> <span class='ocrx_word' id='word_1_33' title='bbox 971 843 1010 910; x_wconf 91' lang='lat' dir='ltr'>In</span> <span class='ocrx_word' id='word_1_34' title='bbox 1021 837 1162 935; x_wconf 75' lang='lat' dir='ltr'>praloqui</span> 
     </span>
     <span class='ocr_line' id='line_1_6' title="bbox 260 935 1162 1038; baseline -0.011 -24"><span class='ocrx_word' id='word_1_35' title='bbox 260 943 346 1038; x_wconf 85' lang='lat' dir='ltr'>gulis</span> <span class='ocrx_word' id='word_1_36' title='bbox 362 942 522 1038; x_wconf 84' lang='lat' dir='ltr'>scripturae</span> <span class='ocrx_word' id='word_1_37' title='bbox 535 943 624 1018; x_wconf 87' lang='lat' dir='ltr'>libris</span> <span class='ocrx_word' id='word_1_38' title='bbox 641 937 796 1037; x_wconf 81' lang='lat' dir='ltr'>pramilla</span> <span class='ocrx_word' id='word_1_39' title='bbox 815 940 899 1033; x_wconf 88' lang='lat' dir='ltr'>sunt,</span> <span class='ocrx_word' id='word_1_40' title='bbox 915 943 1057 1033; x_wconf 80' lang='lat' dir='ltr'>exponit</span> <span class='ocrx_word' id='word_1_41' title='bbox 1078 935 1118 1005; x_wconf 90' lang='lat' dir='ltr'>de</span> <span class='ocrx_word' id='word_1_42' title='bbox 1131 960 1162 1004; x_wconf 89' lang='lat' dir='ltr'>eo</span> 
     </span>
     <span class='ocr_line' id='line_1_7' title="bbox 260 1036 1162 1140; baseline -0.011 -26"><span class='ocrx_word' id='word_1_43' title='bbox 260 1066 469 1136; x_wconf 83' lang='lat' dir='ltr'>argumento.</span> <span class='ocrx_word' id='word_1_44' title='bbox 495 1050 690 1140; x_wconf 81' lang='lat' dir='ltr'>partitione,</span> <span class='ocrx_word' id='word_1_45' title='bbox 712 1061 863 1122; x_wconf 84' lang='lat' dir='ltr'>auctore,</span> <span class='ocrx_word' id='word_1_46' title='bbox 887 1036 1122 1131; x_wconf 84' lang='lat' dir='ltr'>interpretibus</span> <span class='ocrx_word' id='word_1_47' title='bbox 1153 1038 1162 1104; x_wconf 93' lang='lat' dir='ltr'>l</span> 
     </span>
     <span class='ocr_line' id='line_1_8' title="bbox 265 1136 1151 1241; baseline -0.012 -26"><span class='ocrx_word' id='word_1_48' title='bbox 265 1142 376 1239; x_wconf 79' lang='lat' dir='ltr'>rebus,</span> <span class='ocrx_word' id='word_1_49' title='bbox 404 1143 686 1241; x_wconf 83' lang='lat' dir='ltr'>quemadmodum</span> <span class='ocrx_word' id='word_1_50' title='bbox 706 1148 742 1213; x_wconf 91' lang='lat' dir='ltr'>in</span> <span class='ocrx_word' id='word_1_51' title='bbox 762 1142 928 1239; x_wconf 67' lang='lat' dir='ltr'>proloquio</span> <span class='ocrx_word' id='word_1_52' title='bbox 942 1139 1094 1234; x_wconf 81' lang='lat' dir='ltr'>gener-uli</span> <span class='ocrx_word' id='word_1_53' title='bbox 1114 1136 1151 1205; x_wconf 91' lang='lat' dir='ltr'>de</span> 
     </span>
     <span class='ocr_line' id='line_1_9' title="bbox 265 1238 1161 1337; baseline -0.011 -22"><span class='ocrx_word' id='word_1_54' title='bbox 265 1242 388 1315; x_wconf 84' lang='lat' dir='ltr'>codicis</span> <span class='ocrx_word' id='word_1_55' title='bbox 421 1242 500 1314; x_wconf 88' lang='lat' dir='ltr'>sacri</span> <span class='ocrx_word' id='word_1_56' title='bbox 523 1243 633 1313; x_wconf 84' lang='lat' dir='ltr'>latinis</span> <span class='ocrx_word' id='word_1_57' title='bbox 661 1268 700 1311; x_wconf 90' lang='lat' dir='ltr'>ac</span> <span class='ocrx_word' id='word_1_58' title='bbox 725 1244 938 1337; x_wconf 90' lang='lat' dir='ltr'>germanicis:</span> <span class='ocrx_word' id='word_1_59' title='bbox 962 1238 1007 1308; x_wconf 90' lang='lat' dir='ltr'>de</span> <span class='ocrx_word' id='word_1_60' title='bbox 1029 1241 1084 1318; x_wconf 81' lang='lat' dir='ltr'>iis,</span> <span class='ocrx_word' id='word_1_61' title='bbox 1108 1240 1161 1332; x_wconf 90' lang='lat' dir='ltr'>qui</span> 
     </span>
     <span class='ocr_line' id='line_1_10' title="bbox 263 1338 1162 1442; baseline -0.012 -27"><span class='ocrx_word' id='word_1_62' title='bbox 263 1339 455 1436; x_wconf 85' lang='lat' dir='ltr'>scripturam</span> <span class='ocrx_word' id='word_1_63' title='bbox 480 1348 752 1418; x_wconf 76' lang='lat' dir='ltr'>commentariis3</span> <span class='ocrx_word' id='word_1_64' title='bbox 780 1363 836 1412; x_wconf 91' lang='lat' dir='ltr'>aut</span> <span class='ocrx_word' id='word_1_65' title='bbox 861 1338 1162 1442; x_wconf 52' lang='lat' dir='ltr'>adnotationibus]&gt;</span> 
     </span>
     <span class='ocr_line' id='line_1_11' title="bbox 265 1437 1162 1536; baseline -0.006 -25"><span class='ocrx_word' id='word_1_66' title='bbox 265 1440 308 1511; x_wconf 88' lang='lat' dir='ltr'>de</span> <span class='ocrx_word' id='word_1_67' title='bbox 328 1438 440 1513; x_wconf 77' lang='lat' dir='ltr'>caullis</span> <span class='ocrx_word' id='word_1_68' title='bbox 468 1440 622 1513; x_wconf 86' lang='lat' dir='ltr'>falsarum</span> <span class='ocrx_word' id='word_1_69' title='bbox 644 1447 981 1536; x_wconf 67' lang='lat' dir='ltr'>interpretationum</span> <span class='ocrx_word' id='word_1_70' title='bbox 1017 1442 1056 1507; x_wconf 89' lang='lat' dir='ltr'>in</span> <span class='ocrx_word' id='word_1_71' title='bbox 1080 1437 1162 1536; x_wconf 80' lang='lat' dir='ltr'>pule</span> 
     </span>
     <span class='ocr_line' id='line_1_12' title="bbox 264 1531 1162 1634; baseline -0.003 -22"><span class='ocrx_word' id='word_1_72' title='bbox 264 1544 301 1612; x_wconf 91' lang='lat' dir='ltr'>in</span> <span class='ocrx_word' id='word_1_73' title='bbox 321 1538 417 1612; x_wconf 81' lang='lat' dir='ltr'>libror</span> <span class='ocrx_word' id='word_1_74' title='bbox 432 1550 549 1616; x_wconf 81' lang='lat' dir='ltr'>vereris</span> <span class='ocrx_word' id='word_1_75' title='bbox 564 1541 738 1634; x_wconf 71' lang='lat' dir='ltr'>testamenti</span> <span class='ocrx_word' id='word_1_76' title='bbox 754 1541 794 1611; x_wconf 88' lang='lat' dir='ltr'>de</span> <span class='ocrx_word' id='word_1_77' title='bbox 809 1541 927 1632; x_wconf 74' lang='lat' dir='ltr'>lingue</span> <span class='ocrx_word' id='word_1_78' title='bbox 946 1537 1060 1609; x_wconf 81' lang='lat' dir='ltr'>ebraeae</span> <span class='ocrx_word' id='word_1_79' title='bbox 1081 1543 1116 1606; x_wconf 92' lang='lat' dir='ltr'>in</span> <span class='ocrx_word' id='word_1_80' title='bbox 1142 1531 1162 1609; x_wconf 70' lang='lat' dir='ltr'>fa</span> 
     </span>
     <span class='ocr_line' id='line_1_13' title="bbox 265 1640 1139 1739; baseline -0.003 -30"><span class='ocrx_word' id='word_1_81' title='bbox 265 1640 517 1713; x_wconf 82' lang='lat' dir='ltr'>conseruatione</span> <span class='ocrx_word' id='word_1_82' title='bbox 528 1642 662 1739; x_wconf 85' lang='lat' dir='ltr'>aliisque</span> <span class='ocrx_word' id='word_1_83' title='bbox 675 1644 800 1736; x_wconf 90' lang='lat' dir='ltr'>generis</span> <span class='ocrx_word' id='word_1_84' title='bbox 816 1641 911 1709; x_wconf 91' lang='lat' dir='ltr'>huius</span> <span class='ocrx_word' id='word_1_85' title='bbox 921 1642 1139 1733; x_wconf 83' lang='lat' dir='ltr'>argumentis.</span> 
     </span>
     <span class='ocr_line' id='line_1_14' title="bbox 266 1735 1162 1836; baseline -0.006 -24"><span class='ocrx_word' id='word_1_86' title='bbox 266 1735 399 1812; x_wconf 76' lang='lat' dir='ltr'>hibetur</span> <span class='ocrx_word' id='word_1_87' title='bbox 422 1742 587 1813; x_wconf 86' lang='lat' dir='ltr'>chronicon</span> <span class='ocrx_word' id='word_1_88' title='bbox 611 1740 755 1813; x_wconf 85' lang='lat' dir='ltr'>biblicum</span> <span class='ocrx_word' id='word_1_89' title='bbox 786 1740 825 1809; x_wconf 87' lang='lat' dir='ltr'>de</span> <span class='ocrx_word' id='word_1_90' title='bbox 845 1738 964 1836; x_wconf 78' lang='lat' dir='ltr'>epochis</span> <span class='ocrx_word' id='word_1_91' title='bbox 983 1756 1015 1808; x_wconf 86' lang='lat' dir='ltr'>et</span> <span class='ocrx_word' id='word_1_92' title='bbox 1038 1746 1162 1807; x_wconf 76' lang='lat' dir='ltr'>annisa</span> 
     </span>
     <span class='ocr_line' id='line_1_15' title="bbox 268 1834 1162 1933; baseline -0.004 -23"><span class='ocrx_word' id='word_1_93' title='bbox 268 1847 381 1921; x_wconf 80' lang='lat' dir='ltr'>menti,</span> <span class='ocrx_word' id='word_1_94' title='bbox 406 1844 550 1913; x_wconf 78' lang='lat' dir='ltr'>amendi</span> <span class='ocrx_word' id='word_1_95' title='bbox 567 1846 695 1913; x_wconf 82' lang='lat' dir='ltr'>conditu</span> <span class='ocrx_word' id='word_1_96' title='bbox 715 1838 863 1933; x_wconf 73' lang='lat' dir='ltr'>adfinem</span> <span class='ocrx_word' id='word_1_97' title='bbox 878 1844 973 1915; x_wconf 86' lang='lat' dir='ltr'>LXX.</span> <span class='ocrx_word' id='word_1_98' title='bbox 989 1834 1162 1908; x_wconf 76' lang='lat' dir='ltr'>hebdomad</span> 
     </span>
     <span class='ocr_line' id='line_1_16' title="bbox 266 1936 1162 2034; baseline 0.003 -30"><span class='ocrx_word' id='word_1_99' title='bbox 266 1959 388 2028; x_wconf 86' lang='lat' dir='ltr'>magna</span> <span class='ocrx_word' id='word_1_100' title='bbox 417 1965 491 2009; x_wconf 88' lang='lat' dir='ltr'>cum</span> <span class='ocrx_word' id='word_1_101' title='bbox 511 1943 696 2013; x_wconf 82' lang='lat' dir='ltr'>eruditione</span> <span class='ocrx_word' id='word_1_102' title='bbox 722 1966 761 2011; x_wconf 91' lang='lat' dir='ltr'>ac</span> <span class='ocrx_word' id='word_1_103' title='bbox 791 1940 958 2034; x_wconf 81' lang='lat' dir='ltr'>diligentia</span> <span class='ocrx_word' id='word_1_104' title='bbox 986 1936 1162 2031; x_wconf 75' lang='lat' dir='ltr'>conscripti</span> 
     </span>
     <span class='ocr_line' id='line_1_17' title="bbox 268 2034 1162 2133; baseline 0.004 -32"><span class='ocrx_word' id='word_1_105' title='bbox 268 2040 343 2102; x_wconf 79' lang='lat' dir='ltr'>rtour&#39;</span> <span class='ocrx_word' id='word_1_106' title='bbox 364 2034 557 2124; x_wconf 74' lang='lat' dir='ltr'>testamenti,</span> <span class='ocrx_word' id='word_1_107' title='bbox 582 2062 695 2133; x_wconf 82' lang='lat' dir='ltr'>prater</span> <span class='ocrx_word' id='word_1_108' title='bbox 715 2038 962 2133; x_wconf 86' lang='lat' dir='ltr'>prolegomena,</span> <span class='ocrx_word' id='word_1_109' title='bbox 992 2062 1066 2133; x_wconf 79' lang='lat' dir='ltr'>quae</span> <span class='ocrx_word' id='word_1_110' title='bbox 1092 2038 1162 2107; x_wconf 80' lang='lat' dir='ltr'>adt</span> 
     </span>
     <span class='ocr_line' id='line_1_18' title="bbox 269 2134 1159 2231; baseline 0.003 -31"><span class='ocrx_word' id='word_1_111' title='bbox 269 2150 418 2200; x_wconf 86' lang='lat' dir='ltr'>mentum</span> <span class='ocrx_word' id='word_1_112' title='bbox 431 2134 495 2203; x_wconf 91' lang='lat' dir='ltr'>hoc</span> <span class='ocrx_word' id='word_1_113' title='bbox 511 2135 664 2229; x_wconf 83' lang='lat' dir='ltr'>spectant,</span> <span class='ocrx_word' id='word_1_114' title='bbox 680 2162 743 2231; x_wconf 85' lang='lat' dir='ltr'>prae</span> <span class='ocrx_word' id='word_1_115' title='bbox 759 2138 788 2206; x_wconf 88' lang='lat' dir='ltr'>se</span> <span class='ocrx_word' id='word_1_116' title='bbox 803 2137 930 2207; x_wconf 87' lang='lat' dir='ltr'>ferunt:</span> <span class='ocrx_word' id='word_1_117' title='bbox 957 2136 1159 2207; x_wconf 74' lang='lat' dir='ltr'>harmoniam</span> 
     </span>
     <span class='ocr_line' id='line_1_19' title="bbox 272 2230 1161 2328; baseline 0.003 -29"><span class='ocrx_word' id='word_1_118' title='bbox 272 2230 317 2299; x_wconf 78' lang='lat' dir='ltr'>ad</span> <span class='ocrx_word' id='word_1_119' title='bbox 334 2233 579 2302; x_wconf 82' lang='lat' dir='ltr'>concinnandum</span> <span class='ocrx_word' id='word_1_120' title='bbox 601 2260 715 2304; x_wconf 82' lang='lat' dir='ltr'>nouum</span> <span class='ocrx_word' id='word_1_121' title='bbox 738 2232 972 2328; x_wconf 68' lang='lat' dir='ltr'>monoteffaron,</span> <span class='ocrx_word' id='word_1_122' title='bbox 998 2237 1117 2302; x_wconf 88' lang='lat' dir='ltr'>itidem</span> <span class='ocrx_word' id='word_1_123' title='bbox 1141 2259 1161 2327; x_wconf 93' lang='lat' dir='ltr'>p</span> 
     </span>
     <span class='ocr_line' id='line_1_20' title="bbox 270 2328 1158 2426; baseline 0.001 -27"><span class='ocrx_word' id='word_1_124' title='bbox 270 2328 458 2400; x_wconf 86' lang='lat' dir='ltr'>instructam</span> <span class='ocrx_word' id='word_1_125' title='bbox 475 2331 514 2403; x_wconf 93' lang='lat' dir='ltr'>de</span> <span class='ocrx_word' id='word_1_126' title='bbox 533 2330 741 2426; x_wconf 85' lang='lat' dir='ltr'>scriptoribus</span> <span class='ocrx_word' id='word_1_127' title='bbox 764 2332 964 2400; x_wconf 87' lang='lat' dir='ltr'>harmonicis</span> <span class='ocrx_word' id='word_1_128' title='bbox 983 2332 1158 2426; x_wconf 83' lang='lat' dir='ltr'>atquibus</span> 
     </span>
     <span class='ocr_line' id='line_1_21' title="bbox 270 2429 1162 2528; baseline 0 -29"><span class='ocrx_word' id='word_1_129' title='bbox 270 2434 385 2500; x_wconf 86' lang='lat' dir='ltr'>monia</span> <span class='ocrx_word' id='word_1_130' title='bbox 407 2429 626 2502; x_wconf 88' lang='lat' dir='ltr'>obseruandis.</span> <span class='ocrx_word' id='word_1_131' title='bbox 674 2431 805 2528; x_wconf 86' lang='lat' dir='ltr'>Quibus</span> <span class='ocrx_word' id='word_1_132' title='bbox 827 2430 982 2500; x_wconf 87' lang='lat' dir='ltr'>omnibus</span> <span class='ocrx_word' id='word_1_133' title='bbox 1007 2456 1114 2525; x_wconf 91' lang='lat' dir='ltr'>quum</span> <span class='ocrx_word' id='word_1_134' title='bbox 1138 2432 1162 2524; x_wconf 67' lang='lat' dir='ltr'>br</span> 
     </span>
     <span class='ocr_line' id='line_1_22' title="bbox 270 2529 1162 2624; baseline 0 -27"><span class='ocrx_word' id='word_1_135' title='bbox 270 2531 524 2611; x_wconf 79' lang='lat' dir='ltr'>commendant,</span> <span class='ocrx_word' id='word_1_136' title='bbox 546 2537 665 2602; x_wconf 89' lang='lat' dir='ltr'>mirum</span> <span class='ocrx_word' id='word_1_137' title='bbox 695 2555 765 2599; x_wconf 92' lang='lat' dir='ltr'>non</span> <span class='ocrx_word' id='word_1_138' title='bbox 794 2531 855 2624; x_wconf 78' lang='lat' dir='ltr'>est,</span> <span class='ocrx_word' id='word_1_139' title='bbox 882 2529 936 2599; x_wconf 93' lang='lat' dir='ltr'>illa</span> <span class='ocrx_word' id='word_1_140' title='bbox 954 2555 1116 2623; x_wconf 87' lang='lat' dir='ltr'>magnam</span> <span class='ocrx_word' id='word_1_141' title='bbox 1135 2531 1162 2599; x_wconf 89' lang='lat' dir='ltr'>la</span> 
     </span>
     <span class='ocr_line' id='line_1_23' title="bbox 272 2627 1162 2728; baseline 0.001 -31"><span class='ocrx_word' id='word_1_142' title='bbox 272 2631 545 2728; x_wconf 82' lang='lat' dir='ltr'>existimationem</span> <span class='ocrx_word' id='word_1_143' title='bbox 564 2630 620 2703; x_wconf 82' lang='lat' dir='ltr'>fibi</span> <span class='ocrx_word' id='word_1_144' title='bbox 643 2627 826 2701; x_wconf 85' lang='lat' dir='ltr'>concilialse</span> <span class='ocrx_word' id='word_1_145' title='bbox 887 2635 974 2699; x_wconf 87' lang='lat' dir='ltr'>Inter</span> <span class='ocrx_word' id='word_1_146' title='bbox 992 2629 1080 2724; x_wconf 89' lang='lat' dir='ltr'>ipsos</span> <span class='ocrx_word' id='word_1_147' title='bbox 1102 2655 1162 2725; x_wconf 91' lang='lat' dir='ltr'>por</span> 
     </span>
     <span class='ocr_line' id='line_1_24' title="bbox 274 2729 1162 2809; baseline 0.005 -14"><span class='ocrx_word' id='word_1_148' title='bbox 274 2753 468 2801; x_wconf 80' lang='lat' dir='ltr'>cunnuvs</span> <span class='ocrx_word' id='word_1_149' title='bbox 506 2756 663 2809; x_wconf 77' lang='lat' dir='ltr'>srmou.</span> <span class='ocrx_word' id='word_1_150' title='bbox 687 2733 761 2800; x_wconf 89' lang='lat' dir='ltr'>licet</span> <span class='ocrx_word' id='word_1_151' title='bbox 777 2731 831 2800; x_wconf 90' lang='lat' dir='ltr'>ille</span> <span class='ocrx_word' id='word_1_152' title='bbox 851 2735 1026 2799; x_wconf 86' lang='lat' dir='ltr'>acerrimus</span> <span class='ocrx_word' id='word_1_153' title='bbox 1050 2729 1089 2798; x_wconf 85' lang='lat' dir='ltr'>fit</span> <span class='ocrx_word' id='word_1_154' title='bbox 1106 2756 1162 2799; x_wconf 90' lang='lat' dir='ltr'>cen</span> 
     </span>
     <span class='ocr_line' id='line_1_25' title="bbox 273 2827 1162 2924; baseline 0.006 -31"><span class='ocrx_word' id='word_1_155' title='bbox 273 2830 333 2894; x_wconf 89' lang='lat' dir='ltr'>tim</span> <span class='ocrx_word' id='word_1_156' title='bbox 360 2830 593 2924; x_wconf 83' lang='lat' dir='ltr'>theologorum</span> <span class='ocrx_word' id='word_1_157' title='bbox 614 2832 862 2901; x_wconf 87' lang='lat' dir='ltr'>lutheranorum</span> <span class='ocrx_word' id='word_1_158' title='bbox 884 2854 921 2897; x_wconf 86' lang='lat' dir='ltr'>ae</span> <span class='ocrx_word' id='word_1_159' title='bbox 935 2827 1162 2898; x_wconf 84' lang='lat' dir='ltr'>reformatoru</span> 
     </span>
     <span class='ocr_line' id='line_1_26' title="bbox 273 2928 1162 3024; baseline 0.006 -32"><span class='ocrx_word' id='word_1_160' title='bbox 273 2948 357 3018; x_wconf 88' lang='lat' dir='ltr'>opus</span> <span class='ocrx_word' id='word_1_161' title='bbox 382 2928 446 2995; x_wconf 91' lang='lat' dir='ltr'>hoc</span> <span class='ocrx_word' id='word_1_162' title='bbox 465 2929 579 3000; x_wconf 90' lang='lat' dir='ltr'>laudat</span> <span class='ocrx_word' id='word_1_163' title='bbox 599 2957 636 3002; x_wconf 84' lang='lat' dir='ltr'>ac</span> <span class='ocrx_word' id='word_1_164' title='bbox 660 2933 792 3024; x_wconf 73' lang='lat' dir='ltr'>latetur,</span> <span class='ocrx_word' id='word_1_165' title='bbox 816 2929 992 3001; x_wconf 88' lang='lat' dir='ltr'>Calouium</span> <span class='ocrx_word' id='word_1_166' title='bbox 1015 2930 1162 3024; x_wconf 82' lang='lat' dir='ltr'>exquisrt·</span> 
     </span>
     <span class='ocr_line' id='line_1_27' title="bbox 274 3024 1162 3118; baseline 0.007 -24"><span class='ocrx_word' id='word_1_167' title='bbox 274 3048 312 3094; x_wconf 87' lang='lat' dir='ltr'>ac</span> <span class='ocrx_word' id='word_1_168' title='bbox 326 3024 519 3118; x_wconf 77' lang='lat' dir='ltr'>singularem</span> <span class='ocrx_word' id='word_1_169' title='bbox 532 3032 751 3103; x_wconf 86' lang='lat' dir='ltr'>eruditionem</span> <span class='ocrx_word' id='word_1_170' title='bbox 765 3024 998 3102; x_wconf 61' lang='lat' dir='ltr'>monstrasse*</span> <span class='ocrx_word' id='word_1_171' title='bbox 1031 3054 1090 3101; x_wconf 91' lang='lat' dir='ltr'>ro.</span> <span class='ocrx_word' id='word_1_172' title='bbox 1122 3056 1162 3101; x_wconf 89' lang='lat' dir='ltr'>cr</span> 
     </span>
     <span class='ocr_line' id='line_1_28' title="bbox 271 3126 1162 3228; baseline 0.006 -35"><span class='ocrx_word' id='word_1_173' title='bbox 271 3126 405 3221; x_wconf 87' lang='lat' dir='ltr'>quidem</span> <span class='ocrx_word' id='word_1_174' title='bbox 425 3126 558 3211; x_wconf 86' lang='lat' dir='ltr'>iudicat,</span> <span class='ocrx_word' id='word_1_175' title='bbox 569 3155 644 3198; x_wconf 90' lang='lat' dir='ltr'>eum</span> <span class='ocrx_word' id='word_1_176' title='bbox 660 3156 821 3228; x_wconf 78' lang='lat' dir='ltr'>nunquam</span> <span class='ocrx_word' id='word_1_177' title='bbox 837 3149 968 3200; x_wconf 78' lang='lat' dir='ltr'>emtores</span> <span class='ocrx_word' id='word_1_178' title='bbox 985 3136 1162 3198; x_wconf 81' lang='lat' dir='ltr'>inuentum</span> 
     </span>
     <span class='ocr_line' id='line_1_29' title="bbox 272 3224 1162 3328; baseline 0.002 -31"><span class='ocrx_word' id='word_1_179' title='bbox 272 3224 403 3297; x_wconf 79' lang='lat' dir='ltr'>dacibus</span> <span class='ocrx_word' id='word_1_180' title='bbox 415 3226 566 3324; x_wconf 78' lang='lat' dir='ltr'>scriptis,</span> <span class='ocrx_word' id='word_1_181' title='bbox 590 3230 647 3319; x_wconf 71' lang='lat' dir='ltr'>nist</span> <span class='ocrx_word' id='word_1_182' title='bbox 666 3237 706 3296; x_wconf 85' lang='lat' dir='ltr'>iis</span> <span class='ocrx_word' id='word_1_183' title='bbox 728 3235 839 3300; x_wconf 82' lang='lat' dir='ltr'>callide</span> <span class='ocrx_word' id='word_1_184' title='bbox 860 3240 1014 3325; x_wconf 80' lang='lat' dir='ltr'>integrum</span> <span class='ocrx_word' id='word_1_185' title='bbox 1039 3237 1162 3328; x_wconf 80' lang='lat' dir='ltr'>oprerG</span> 
     </span>
     <span class='ocr_line' id='line_1_30' title="bbox 261 3326 1151 3425; baseline 0.006 -31"><span class='ocrx_word' id='word_1_186' title='bbox 261 3326 457 3423; x_wconf 78' lang='lat' dir='ltr'>scripturam</span> <span class='ocrx_word' id='word_1_187' title='bbox 469 3329 594 3422; x_wconf 68' lang='lat' dir='ltr'>sacrem</span> <span class='ocrx_word' id='word_1_188' title='bbox 613 3328 801 3424; x_wconf 60' lang='lat' dir='ltr'>inserrrrffeu</span> <span class='ocrx_word' id='word_1_189' title='bbox 828 3334 894 3399; x_wconf 82' lang='lat' dir='ltr'>haec</span> <span class='ocrx_word' id='word_1_190' title='bbox 908 3351 1017 3400; x_wconf 88' lang='lat' dir='ltr'>autem</span> <span class='ocrx_word' id='word_1_191' title='bbox 1034 3337 1151 3425; x_wconf 86' lang='lat' dir='ltr'>inique</span> 
     </span>
     <span class='ocr_line' id='line_1_31' title="bbox 271 3426 1148 3524; baseline 0.003 -27"><span class='ocrx_word' id='word_1_192' title='bbox 271 3431 328 3497; x_wconf 86' lang='lat' dir='ltr'>tici</span> <span class='ocrx_word' id='word_1_193' title='bbox 356 3426 406 3496; x_wconf 84' lang='lat' dir='ltr'>vel</span> <span class='ocrx_word' id='word_1_194' title='bbox 437 3431 544 3496; x_wconf 74' lang='lat' dir='ltr'>nimiae</span> <span class='ocrx_word' id='word_1_195' title='bbox 571 3453 646 3524; x_wconf 90' lang='lat' dir='ltr'>erga</span> <span class='ocrx_word' id='word_1_196' title='bbox 664 3434 819 3501; x_wconf 89' lang='lat' dir='ltr'>Grotium</span> <span class='ocrx_word' id='word_1_197' title='bbox 840 3435 1063 3506; x_wconf 80' lang='lat' dir='ltr'>venerationi3</span> <span class='ocrx_word' id='word_1_198' title='bbox 1094 3431 1148 3500; x_wconf 87' lang='lat' dir='ltr'>vel</span> 
     </span>
     <span class='ocr_line' id='line_1_32' title="bbox 271 3525 1138 3625; baseline 0.002 -29"><span class='ocrx_word' id='word_1_199' title='bbox 271 3525 399 3596; x_wconf 88' lang='lat' dir='ltr'>libidini</span> <span class='ocrx_word' id='word_1_200' title='bbox 431 3527 602 3598; x_wconf 81' lang='lat' dir='ltr'>tribuenda</span> <span class='ocrx_word' id='word_1_201' title='bbox 637 3527 717 3611; x_wconf 76' lang='lat' dir='ltr'>ess‘e,</span> <span class='ocrx_word' id='word_1_202' title='bbox 743 3539 814 3625; x_wconf 88' lang='lat' dir='ltr'>quis</span> <span class='ocrx_word' id='word_1_203' title='bbox 837 3537 979 3600; x_wconf 87' lang='lat' dir='ltr'>veritaris</span> <span class='ocrx_word' id='word_1_204' title='bbox 1004 3553 1138 3601; x_wconf 83' lang='lat' dir='ltr'>amator</span> 
     </span>
     <span class='ocr_line' id='line_1_33' title="bbox 270 3627 1161 3715; baseline 0.003 -18"><span class='ocrx_word' id='word_1_205' title='bbox 270 3630 404 3697; x_wconf 86' lang='lat' dir='ltr'>Omittit</span> <span class='ocrx_word' id='word_1_206' title='bbox 422 3627 552 3698; x_wconf 87' lang='lat' dir='ltr'>Calouii</span> <span class='ocrx_word' id='word_1_207' title='bbox 579 3651 724 3710; x_wconf 68' lang='lat' dir='ltr'>nomem</span> <span class='ocrx_word' id='word_1_208' title='bbox 751 3654 821 3699; x_wconf 91' lang='lat' dir='ltr'>non</span> <span class='ocrx_word' id='word_1_209' title='bbox 841 3632 941 3700; x_wconf 87' lang='lat' dir='ltr'>alium</span> <span class='ocrx_word' id='word_1_210' title='bbox 962 3656 1084 3715; x_wconf 87' lang='lat' dir='ltr'>aurem,</span> <span class='ocrx_word' id='word_1_211' title='bbox 1114 3638 1161 3701; x_wconf 91' lang='lat' dir='ltr'>nil</span> 
     </span>
     <span class='ocr_line' id='line_1_34' title="bbox 269 3724 1162 3828; baseline 0.008 -32"><span class='ocrx_word' id='word_1_212' title='bbox 269 3724 401 3820; x_wconf 84' lang='lat' dir='ltr'>stringi,</span> <span class='ocrx_word' id='word_1_213' title='bbox 427 3728 525 3799; x_wconf 90' lang='lat' dir='ltr'>verba</span> <span class='ocrx_word' id='word_1_214' title='bbox 544 3728 618 3803; x_wconf 87' lang='lat' dir='ltr'>satis</span> <span class='ocrx_word' id='word_1_215' title='bbox 642 3730 808 3828; x_wconf 87' lang='lat' dir='ltr'>perspicue</span> <span class='ocrx_word' id='word_1_216' title='bbox 834 3732 1027 3827; x_wconf 83' lang='lat' dir='ltr'>liguih&#39;cant.</span> <span class='ocrx_word' id='word_1_217' title='bbox 1049 3732 1114 3777; x_wconf 62' lang='lat'>*⁴¹*</span> <span class='ocrx_word' id='word_1_218' title='bbox 1153 3738 1162 3803; x_wconf 93' lang='lat' dir='ltr'>l</span> 
     </span>
    </p>
   </div>
   <div class='ocr_carea' id='block_1_3' title="bbox 216 3975 957 4002">
    <p class='ocr_par' dir='ltr' id='par_1_4' title="bbox 216 3975 957 4002">
     <span class='ocr_line' id='line_1_35' title="bbox 216 3975 957 4002; baseline 0.013 -12"><span class='ocrx_word' id='word_1_219' title='bbox 216 3975 957 4002; x_wconf 42' lang='lat' dir='ltr'>m***—-</span> 
     </span>
    </p>
   </div>
   <div class='ocr_carea' id='block_1_4' title="bbox 254 4045 1162 4469">
    <p class='ocr_par' dir='ltr' id='par_1_5' title="bbox 256 4045 1162 4221">
     <span class='ocr_line' id='line_1_36' title="bbox 256 4045 1162 4140; baseline 0.007 -28"><span class='ocrx_word' id='word_1_220' title='bbox 256 4054 275 4092; x_wconf 72' lang='lat'>&#39;¹</span> <span class='ocrx_word' id='word_1_221' title='bbox 296 4045 404 4131; x_wconf 69' lang='lat' dir='ltr'>historie</span> <span class='ocrx_word' id='word_1_222' title='bbox 430 4060 547 4139; x_wconf 83' lang='lat' dir='ltr'>tritique</span> <span class='ocrx_word' id='word_1_223' title='bbox 561 4055 606 4118; x_wconf 75' lang='lat' dir='ltr'>der</span> <span class='ocrx_word' id='word_1_224' title='bbox 620 4065 786 4140; x_wconf 76' lang='lat' dir='ltr'>primiparae</span> <span class='ocrx_word' id='word_1_225' title='bbox 802 4078 1027 4120; x_wconf 79' lang='lat' dir='ltr'>commentateers</span> <span class='ocrx_word' id='word_1_226' title='bbox 1044 4060 1081 4119; x_wconf 86' lang='lat' dir='ltr'>dtr</span> <span class='ocrx_word' id='word_1_227' title='bbox 1102 4081 1162 4119; x_wconf 78' lang='lat' dir='ltr'>nom</span> 
     </span>
     <span class='ocr_line' id='line_1_37' title="bbox 285 4141 713 4221; baseline 0.019 -26"><span class='ocrx_word' id='word_1_228' title='bbox 285 4153 342 4214; x_wconf 83' lang='lat' dir='ltr'>top.</span> <span class='ocrx_word' id='word_1_229' title='bbox 366 4157 494 4205; x_wconf 75' lang='lat' dir='ltr'>savrra.</span> <span class='ocrx_word' id='word_1_230' title='bbox 517 4160 546 4217; x_wconf 83' lang='lat' dir='ltr'>p.</span> <span class='ocrx_word' id='word_1_231' title='bbox 568 4161 627 4211; x_wconf 84' lang='lat'>7²4</span> <span class='ocrx_word' id='word_1_232' title='bbox 659 4141 713 4221; x_wconf 87' lang='lat' dir='ltr'>seq.</span> 
     </span>
    </p>

    <p class='ocr_par' dir='ltr' id='par_1_6' title="bbox 256 4218 1162 4297">
     <span class='ocr_line' id='line_1_38' title="bbox 256 4218 1162 4297; baseline 0 -18"><span class='ocrx_word' id='word_1_233' title='bbox 256 4223 293 4261; x_wconf 65' lang='lat'>“¹</span> <span class='ocrx_word' id='word_1_234' title='bbox 309 4218 420 4297; x_wconf 72' lang='lat' dir='ltr'>epistolis</span> <span class='ocrx_word' id='word_1_235' title='bbox 438 4226 541 4282; x_wconf 81' lang='lat' dir='ltr'>criticis</span> <span class='ocrx_word' id='word_1_236' title='bbox 553 4241 580 4282; x_wconf 85' lang='lat' dir='ltr'>et</span> <span class='ocrx_word' id='word_1_237' title='bbox 597 4226 782 4296; x_wconf 55' lang='lat' dir='ltr'>ecclesiasticis</span> <span class='ocrx_word' id='word_1_238' title='bbox 802 4222 860 4284; x_wconf 77' lang='lat' dir='ltr'>siue</span> <span class='ocrx_word' id='word_1_239' title='bbox 879 4226 949 4281; x_wconf 79' lang='lat' dir='ltr'>artis</span> <span class='ocrx_word' id='word_1_240' title='bbox 966 4226 1067 4281; x_wconf 74' lang='lat' dir='ltr'>critice</span> <span class='ocrx_word' id='word_1_241' title='bbox 1091 4223 1162 4282; x_wconf 77' lang='lat' dir='ltr'>volan</span> 
     </span>
    </p>

    <p class='ocr_par' dir='ltr' id='par_1_7' title="bbox 254 4299 1162 4469">
     <span class='ocr_line' id='line_1_39' title="bbox 254 4299 1159 4379; baseline 0.003 -15"><span class='ocrx_word' id='word_1_242' title='bbox 254 4299 309 4345; x_wconf 57' lang='grc' dir='ltr'><strong><em>Μ</em></strong></span> <span class='ocrx_word' id='word_1_243' title='bbox 330 4301 367 4364; x_wconf 84' lang='lat' dir='ltr'>de</span> <span class='ocrx_word' id='word_1_244' title='bbox 391 4323 544 4364; x_wconf 75' lang='lat' dir='ltr'>catoris</span> <span class='ocrx_word' id='word_1_245' title='bbox 570 4305 658 4368; x_wconf 82' lang='lat' dir='ltr'>bibliis</span> <span class='ocrx_word' id='word_1_246' title='bbox 675 4309 816 4379; x_wconf 69' lang='lat' dir='ltr'>illustraris</span> <span class='ocrx_word' id='word_1_247' title='bbox 842 4306 956 4364; x_wconf 83' lang='lat' dir='ltr'>rideas:</span> <span class='ocrx_word' id='word_1_248' title='bbox 988 4327 1129 4365; x_wconf 70' lang='lat' dir='ltr'>nessus</span> <span class='ocrx_word' id='word_1_249' title='bbox 1141 4332 1159 4367; x_wconf 81' lang='lat' dir='ltr'>s</span> 
     </span>
     <span class='ocr_line' id='line_1_40' title="bbox 285 4386 1162 4469; baseline 0.002 -23"><span class='ocrx_word' id='word_1_250' title='bbox 285 4393 483 4450; x_wconf 73' lang='lat' dir='ltr'>sommariis</span> <span class='ocrx_word' id='word_1_251' title='bbox 497 4386 564 4447; x_wconf 71' lang='lat' dir='ltr'>obeo</span> <span class='ocrx_word' id='word_1_252' title='bbox 581 4389 624 4450; x_wconf 82' lang='lat' dir='ltr'>die</span> <span class='ocrx_word' id='word_1_253' title='bbox 636 4390 744 4467; x_wconf 74' lang='lat' dir='ltr'>schrift</span> <span class='ocrx_word' id='word_1_254' title='bbox 761 4406 835 4466; x_wconf 80' lang='lat' dir='ltr'>porr.</span> <span class='ocrx_word' id='word_1_255' title='bbox 859 4409 883 4448; x_wconf 90' lang='lat' dir='ltr'>r.</span> <span class='ocrx_word' id='word_1_256' title='bbox 907 4411 936 4466; x_wconf 91' lang='lat' dir='ltr'>p.</span> <span class='ocrx_word' id='word_1_257' title='bbox 962 4400 1031 4465; x_wconf 79' lang='lat'>289.</span> <span class='ocrx_word' id='word_1_258' title='bbox 1057 4409 1129 4468; x_wconf 86' lang='lat'>32¹·</span> <span class='ocrx_word' id='word_1_259' title='bbox 1150 4413 1162 4469; x_wconf 45' lang='lat'>‚3</span> 
     </span>
    </p>
   </div>
   <div class='ocr_carea' id='block_1_5' title="bbox 0 0 1445 5067">
    <p class='ocr_par' dir='ltr' id='par_1_8' title="bbox 0 0 1445 5067">
     <span class='ocr_line' id='line_1_41' title="bbox 0 0 1445 5067; baseline 0 0"><span class='ocrx_word' id='word_1_260' title='bbox 0 0 1445 5067; x_wconf 95' lang='lat' dir='ltr'> </span> 
     </span>
    </p>
   </div>
  </div>
 </body>
</html>
