2859 5067
225 413 524 476 insonueris
561 413 863 471 extenuent.
1072 427 1143 501 309

225 563 351 638 :tillimi
377 571 453 650 viri,
482 570 541 663 qui
561 556 653 636 varia
668 572 704 637 in
729 570 977 646 concordandis
993 573 1044 645 ltis
1059 576 1138 649 dell.

225 671 381 749 eciatim,
404 666 517 738 inillis
542 665 797 739 deellenomina
814 678 959 768 propria,
981 700 1132 751 unacum

225 770 311 839 taud
334 769 555 861 declinandis,
576 794 717 866 quarum
736 775 772 840 in
790 770 952 867 scriptura
967 774 1060 845 fircrae
1079 781 1131 847 in.

225 901 229 932 ι
251 893 405 964 magnus
416 869 456 940 stt
468 869 560 940 usus:
590 870 814 964 adlegationes
838 880 984 967 capitum
1003 900 1042 945 ac
1057 902 1129 947 ver·

225 966 323 1037 itatis
339 992 558 1038 numerorum
571 975 677 1046 notiss
699 967 752 1041 sed
771 976 807 1044 in
822 970 912 1043 vsunr
927 997 967 1042 ac
982 979 1125 1067 gratiam

225 1072 318 1137 :teris
335 1067 474 1139 ebroicis
493 1066 648 1163 expsellas
668 1065 781 1145 fuille:
803 1093 937 1165 puncta,
961 1071 1027 1142 stne
1046 1079 1122 1168 qui.

225 1192 291 1237 nes
309 1168 463 1238 codicem
485 1168 626 1239 ebraeum
645 1170 751 1263 legere
771 1171 912 1265 pollent,
937 1168 1053 1242 omilla
1071 1169 1119 1243 es·

250 1267 502 1340 vocabulorum
525 1269 689 1339 distinctas
716 1295 788 1341 non
819 1269 967 1340 distincte
993 1268 1120 1366 semper

228 1365 512 1462 fignificatiouem
535 1373 625 1438 vocis
655 1370 916 1465 metaphoricam
939 1393 1010 1440 non
1039 1393 1116 1440 raro

225 1491 257 1538 tn
275 1464 342 1539 else
357 1465 515 1562 pofitam;
545 1491 605 1538 nec
634 1468 759 1564 semper
783 1459 1045 1541 constructionis
1064 1470 1115 1539 di.

225 1591 281 1638 em
300 1568 464 1642 habitam.
515 1573 596 1661 Quae
612 1574 727 1640 omnia
742 1571 845 1666 quum
867 1593 903 1639 tn
929 1590 1113 1641 uvxrox·

225 1675 331 1738 stiriis
350 1672 493 1738 omnino
508 1667 671 1764 deficiant,
702 1671 820 1741 eruditi
837 1673 897 1741 visi
919 1667 1110 1739 industriam

225 1767 403 1851 cuderunt,
423 1788 459 1838 vt
475 1767 622 1864 quaedam
639 1795 756 1840 eorum
771 1769 966 1865 supplerent,
991 1791 1108 1866 quem·

225 1892 393 1942 :sensit
419 1867 824 1962 onomallimmfhcrumac
853 1890 1013 1940 noenu
1033 1891 1109 1937 con·

225 1969 438 2054 retentarum,
462 1968 575 2066 paullo
596 1971 668 2065 post
685 1969 846 2066 figillatim
869 1966 1107 2067 percensendae,

274 2069 409 2142 Exstant
427 2094 560 2167 quoque
575 2072 768 2168 compendia
783 2095 822 2141 ex
841 2069 1105 2154 concordandis,

225 2168 264 2241 ἰο
279 2169 451 2254 debemus,
474 2170 664 2267 compofita,
688 2175 735 2241 vti
751 2170 843 2243 sunt:
867 2169 1014 2241 manuele
1027 2192 1104 2239 con·

225 2300 231 2341 t
264 2267 367 2344 ebus
385 2309 398 2328 ·
413 2267 607 2355 bibliensem,
631 2271 844 2365 Vitentbetgae
877 2287 1042 2343 Moerin.
1064 2287 1102 2359 4.

225 2397 261 2442 st
285 2373 487 2468 nsvusont
499 2374 597 2454 Sim
607 2373 985 2467 fiueconcordsstsiarunt
998 2363 1104 2436 edrai·

225 2475 405 2545 ideicm
420 2478 461 2546 lo.
478 2472 638 2567 Buxsorfii
654 2476 785 2575 epitome
807 2470 853 2541 ad
873 2466 974 2561 infler
991 2467 1102 2553 lexici,

225 2592 390 2652 cuxxvu.
423 2586 457 2661 8.

229 2741 321 2790 tnui
382 2738 536 2788 notun
586 2710 816 2786 concordantia
864 2709 1098 2810 particularum

225 2827 366 2900 icarus,
389 2824 426 2886 in
463 2814 554 2887 nibus
566 2818 707 2913 partium
729 2809 1014 2904 indeclinabilitnn,
1028 2835 1096 2914 qu

225 2921 372 3011 sontibus
388 2935 419 2991 ei
430 2842 585 3008 -Zasientss
603 2941 664 2986 non
678 2911 810 3013 exposta
817 2908 897 3011 sunt
910 2917 946 2982 in
962 2912 1076 2984 lexicis
1084 2938 1098 2994 ς

225 3027 441 3119 isunnam
458 3037 489 3091 rt
497 3015 790 3115 sensitumuarietas
801 3011 987 3108 ostenditur,
1010 3012 1097 3083 Haf-

225 3139 294 3196 tlx.
322 3146 358 3214 4.
382 3122 400 3160 ⁴
423 3124 480 3217 qui
501 3119 582 3190 liber
595 3119 746 3207 eruditis,
770 3114 1002 3210 interpretibus
1029 3138 1098 3184 ma·

234 3221 345 3306 ebraei,
369 3221 510 3292 multum
533 3218 564 3291 se
586 3218 741 3316 probauit
762 3236 861 3311 atque
883 3220 1012 3286 auctori
1026 3238 1098 3283 ma-

225 3321 385 3414 tlaboris,
406 3321 578 3414 industrie,
604 3321 726 3414 ingenii
742 3337 774 3388 et
795 3315 988 3386 eruditionis
1009 3314 1099 3383 haud

225 3422 331 3496 dtulit.
364 3421 404 3468 **
437 3429 553 3519 Quum
581 3420 634 3491 ille
658 3441 734 3492 raro
765 3422 967 3487 inueniretur
1002 3435 1102 3508 atque

225 3543 274 3619 it,
302 3547 376 3619 quae
404 3520 596 3616 locupletari
629 3515 779 3615 pollent,
824 3542 881 3591 ιο.
921 3537 1103 3585 ootrrrt.

225 3648 244 3693 e
272 3647 365 3693 noua
387 3622 532 3693 editione
561 3624 740 3714 cogitauit,
766 3624 811 3688 ita
836 3615 1040 3689 adornanda,
1067 3631 1105 3680 vt

225 3741 252 3810 13
281 3744 316 3794 et
332 3721 579 3795 emendationes
606 3720 733 3805 lierent,
760 3741 899 3811 eamque
915 3720 950 3784 in
965 3738 1033 3783 rem
1054 3717 1104 3779 iu·

226 3828 291 3900 cit:
301 3821 513 3922 schediasma,
535 3847 598 3923 quo
624 3820 780 3893 iteranda
801 3820 954 3890 editionis
981 3834 1109 3978 conitor·

509 3928 539 3994 V
570 3945 589 4015 3
1050 3935 1109 3980 nn·

225 4067 906 4098 -ῃ--η--ι-μ--ι-
920 4059 1109 4084 «μοι-Ἀ*-

225 4155 337 4219 liiliosl.
354 4156 429 4231 finer.
447 4179 478 4238 p.
491 4174 564 4232 455.
587 4169 676 4232 etque
692 4149 745 4212 slii
768 4162 933 4210 memorant
951 4142 1113 4204 editionem

225 4261 298 4304 exv.
321 4241 372 4304 ills
388 4259 488 4302 sutem
510 4242 605 4302 lucem
621 4234 700 4298 haud
722 4232 807 4293 vidit.

230 4349 433 4432 byptnnmssn
449 4351 484 4411 ai
505 4347 663 4413 Bnrtlsnlini
680 4343 780 4404 iiirun
796 4340 826 4397 de
844 4335 950 4431 scripsit
971 4333 1119 4393 Diuorum

236 4433 301 4498 lunt
318 4437 351 4497 in
370 4437 432 4498 eius
443 4433 598 4512 bibliotheca
607 4428 802 4510 septentrionis
817 4421 936 4482 eruitis:
961 4422 1122 4478 nernin-

225 4517 373 4590 liltliotlne.
391 4520 534 4605 sleologit.
554 4539 582 4599 p.
606 4517 670 4575 216.
