2859 5067
375 429 652 482 tutotoornt
683 434 969 493 txtoettcnt.
1189 408 1261 527 '37

571 590 605 687 t.
655 590 758 665 uui.

130 728 203 797 teet
221 734 298 799 ‘eas
326 725 501 803 librorum
531 727 713 806 sacrorum
745 732 839 808 noui
864 728 1010 808 foetleris
1043 734 1248 827 editiones,

130 828 224 935 'que
245 818 393 901 oracula
411 826 562 925 diuina,
592 854 705 929 greca
729 853 839 929 atquc
860 854 934 907 vna
954 830 1022 907 alia
1037 836 1168 934 lingua
1181 837 1247 913 de-

130 930 236 1023 tp't'e',
269 931 585 1027 complectuntur,
611 955 716 1027 greco
734 976 749 991 -
765 935 889 1028 latine,
922 930 974 1005 vti
1000 932 1096 1009 inter
1113 931 1242 1011 doctos

130 1028 180 1099 σε
200 1024 377 1127 bdpellari
393 1027 526 1113 solent,
555 1026 664 1105 facile
690 1026 896 1128 principem
925 1048 1077 1107 tuenmr
1094 1036 1243 1125 locum,
1321 1074 1328 1085 ’

130 1124 364 1205 ead'eatum
381 1152 579 1204 numerum
596 1126 809 1229 ingentem
835 1129 912 1206 flue
938 1129 984 1205 ad
1005 1132 1243 1230 praestantiam
1285 1212 1287 1219 ,

130 1226 369 1330 etatemque,
400 1253 474 1327 qua
507 1226 581 1304 sese
608 1228 889 1329 commendant,
917 1231 1081 1307 animum
1106 1232 1239 1309 aduer-

130 1330 339 1409 ff'uelimris.
393 1327 719 1429 Interpretationes
738 1322 876 1416 tatinae,
901 1328 973 1406 hoc
989 1331 1101 1407 modo
1120 1356 1239 1433 greco

130 1430 234 1531 moni
250 1430 447 1518 adiunctae,
482 1452 600 1531 quum
615 1426 766 1505 diuersa
779 1428 875 1525 sunt,
894 1432 1087 1509 commode
1105 1432 1239 1511 editio-

130 1531 528 1639 't't'gtaeco-latinarum
555 1526 677 1608 classes
705 1530 878 1607 constitui
897 1530 1056 1631 poliunt.

132 550 217 571 σεο-η
277 562 283 571 .

130 1736 142 1799 ἐ
169 1726 260 1792 Inter
278 1724 383 1789 varias
406 1719 486 1784 noui
500 1716 680 1785 testamenti
700 1718 984 1811 interpretationes
1001 1718 1128 1802 latinas,
1149 1742 1234 1795 ton.

130 1812 232 1893 uncte
252 1844 327 1889 eum
346 1819 459 1885 codice
477 1840 584 1907 graeco
602 1820 686 1907 typis
712 1816 905 1912 descriptas,
936 1824 1138 1913 antiquitatis
1160 1819 1233 1888 lau·
1266 1810 1268 1814 ¹

130 1920 169 1993 l'e·
179 1923 302 1991 eminet
320 1920 462 2011 vulgata.
545 1919 705 2007 Exiguum
722 1914 781 1985 else
803 1918 985 1988 editionum
996 1924 1121 2012 generis
1134 1918 1232 1989 huius

130 2042 308 2097 tumetum,
329 2042 370 2085 eo
390 2019 497 2084 minus
514 2018 585 2107 quis
611 2014 800 2100 mirabitur,
824 2043 892 2113 quo
915 2025 1044 2088 minore
1068 2020 1123 2087 illa
1142 2020 1231 2115 apud
1263 2060 1265 2065 ·

130 2116 477 2211 pmendataedoctrinae
503 2113 674 2184 sectatores
709 2116 794 2186 valet
815 2124 1020 2193 auctoritate.
1085 2123 1231 2215 Qiaein

130 2218 252 2295 tensum
268 2218 355 2289 hune
377 2220 522 2296 veniunt,
546 2213 937 2310 illarumpraellanrillima
966 2244 1016 2293 ro.
1047 2242 1226 2289 raonruo

130 2319 279 2400 lebetum
307 2342 404 2415 quem
437 2313 620 2385 uniuersum
646 2320 794 2387 codicem
822 2318 947 2389 sacrum
968 2344 1135 2414 graecum,
1162 2342 1228 2388 vna

130 2420 358 2515 lqm'uvulgara
384 2416 541 2486 versionc'
555 2413 702 2501 edidisse,
743 2418 808 2487 alio
828 2419 905 2487 loco
922 2417 1227 2501 commemorandi,

130 2510 252 2595 ribebo'
268 2518 484 2592 occaflonem.
537 2517 667 2590 ndtuci
689 2540 721 2586 et
745 2517 848 2589 solent
876 2523 1018 2587 minores
1035 2514 1227 2587 huiusmodi

130 2624 299 2708 editiones,
314 2617 518 2716 lugdunensis
537 2636 673 2691 ttDcxt.
691 2629 741 2688 16.
772 2618 957 2711 geneuensrs
978 2635 1148 2691 MDcXXV·
1166 2629 1225 2695 16.

130 2746 159 2797 te
185 2722 255 2795 duae'
282 2724 349 2795 aliae
371 2716 582 2817 geneuenses‚
611 2720 647 2784 in
664 2740 807 2811 quarum
828 2714 928 2789 altera
961 2717 1099 2815 vulgate
1119 2715 1223 2791 terlio

130 2812 223 2923 litei
234 2814 332 2899 altera
349 2822 470 2895 Erasini
485 2820 609 2891 adiecta
626 2816 680 2890 est.

197 3007 276 3083 Alie
294 3006 451 3078 editiones
475 3007 556 3073 noui
571 3001 750 3072 testamenti
769 3022 877 3093 grece
890 3024 967 3071 curn
982 3003 1223 3099 interpretatio·
1278 3052 1280 3057 -

130 3134 165 3185 te
182 3110 285 3183 latina
305 3111 484 3180 recentiore
497 3104 709 3199 prodierunt,
738 3102 847 3197 quales
862 3100 958 3172 lunt:

164 3300 402 3359 ,uertuntur
434 3295 586 3347 nunaut
617 3269 826 3343 Roterodamr'
839 3327 847 3355 ,
873 3274 927 3364 qui
944 3294 1046 3365 quum
1062 3268 1220 3361 laudabili

130 3364 221 3473 ppera
243 3401 283 3448 ac
310 3377 476 3470 diligentia
501 3373 541 3442 ad
557 3371 659 3442 libros
687 3368 820 3441 foederir'
842 3371 1049 3466 posterioris,
1075 3364 1113 3441 ex
1133 3393 1223 3443 tene·

130 3482 183 3549 tris
198 3482 233 3547 in
244 3478 351 3547 lucem
366 3474 601 3571 proferendos:
640 3471 801 3541 latinitate
817 3472 991 3541 donandos
1007 3494 1044 3539 ac
1054 3496 1225 3540 commen·

130 3580 207 3645 ariis
231 3576 435 3646 illustrandos
468 3598 584 3644 manus
613 3569 822 3655 admouisset,
859 3576 999 3667 primam
1030 3572 1221 3641 huiusmodi

130 3676 297 3747 :ditionem
316 3681 397 3745 noui
410 3676 590 3745 testamenti
614 3678 707 3767 greci
729 3675 806 3742 iuris
829 3671 951 3769 publici
970 3670 1048 3741 fecit
1069 3675 1221 3767 hancque

130 3773 262 3845 iusdem
291 3776 397 3845 studio
430 3775 498 3844 atiae
527 3773 665 3868 sequutae
695 3772 777 3843 sunt.
821 3816 824 3821 -
853 3776 1010 3869 Quinque
1029 3796 1142 3842 carum
1156 3771 1224 3869 ipse

130 3870 220 4041 fflit
247 3874 371 3945 Basrleae
394 3875 479 3970 apud
503 3880 663 3945 loannem
681 3874 880 3945 frobenium
899 3872 959 3943 sol.
977 3894 1074 3968 atque
1096 3872 1220 3943 ad'srn·

130 4030 138 4063 ‚
174 3978 177 3985 '
224 3975 390 4044 ornandas
408 3974 739 4069 atqueemendandas
768 3998 893 4045 nouam
911 3974 1101 4044 industriam
1127 3974 1217 4043 adhi.

130 4074 197 4141 nit.
247 4078 373 4143 Omnes
394 4074 468 4144 sunt
493 4080 630 4144 rariores
639 4094 649 4155 ;
681 4073 842 4145 rarissimae
869 4097 978 4147 autem
999 4079 1103 4168 prima
1122 4098 1155 4145 et
1176 4074 1223 4144 se-

130 4168 233 4273 qnde.
282 4178 364 4270 Quo
383 4176 446 4244 istae
462 4175 664 4269 prodierunt,
675 4175 760 4249 ordo
776 4177 827 4245 hic
843 4176 898 4252 est.
950 4173 1103 4267 Adspexit
1114 4175 1224 4246 lucem

130 4264 223 4339 riute
239 4268 400 4347 bevt.
423 4281 457 4342 in
485 4299 550 4369 qua
577 4276 730 4346 adcurate
749 4274 954 4347 desnibendt
975 4300 1074 4347 omne
1087 4276 1221 4375 quidem

130 4366 471 4483 luduitneolloeatum
493 4373 579 4473 fuir,
600 4394 635 4477 vt
663 4376 717 4445 illa
749 4380 820 4455 vitii
843 4376 943 4477 plane
966 4400 1077 4477 expett
1103 4381 1222 4461 exiret3

689 4500 712 4573 3
1151 4500 1229 4548 non
