2859 5067
494 261 1032 338 our.vrrr.ursenrrrrs
1120 323 1126 332 .
1227 257 1236 264 ’

248 443 299 510 uit
318 464 358 510 ae
379 442 457 509 iuris
470 436 591 534 publici
612 435 710 520 fecit,
730 442 855 509 Oxonii
875 455 1050 514 MDccvll.
1070 435 1133 510 fol.
1148 437 1173 486 ⁴¹
1253 473 1256 480 ·

217 581 220 586 ·
250 537 306 612 illa
328 538 372 610 est
395 561 518 632 magno
533 533 822 610 eruditiffimorum
839 541 987 609 virorum
1000 535 1173 634 adplausu.

250 639 452 733 consequuta
473 638 597 715 laudes.
674 638 899 712 Commendat
928 635 959 709 se
984 639 1102 709 chartac
1128 661 1169 710 ac
1226 647 1260 692 ἰ

248 741 441 833 elegantias
480 763 542 810 nee
578 759 690 810 tamen
730 737 801 810 solo
831 740 925 814 hocs
948 735 1002 809 sed
1030 743 1136 811 etiarn¹
1193 741 1212 760 ’“
1264 809 1272 820 ,

252 843 383 915 mentis.
434 843 581 910 Maxime
601 838 753 936 sequutus
777 838 821 910 est
849 837 974 910 Millius
997 843 1164 934 egregiam
1269 833 1271 840 ’

251 961 400 1010 curatam
416 939 596 1010 editionem
626 963 810 1010 nonum
846 962 1079 1022 srrrunur,
1103 943 1183 1010 anni
1268 995 1271 1000 .

252 1063 354 1134 quarn
383 1060 478 1109 antea
499 1036 643 1109 laudaui.
724 1046 807 1138 Qut
835 1035 995 1138 premissa
1012 1039 1103 1123 sunt,
1122 1063 1185 1136 pro
1224 1045 1229 1054 '

250 1137 443 1234 srngularem
463 1139 681 1211 eruditionem
694 1144 836 1210 auctoris
850 1139 1148 1236 atqueindustriam
1194 1135 1199 1146 '
1221 1153 1226 1228 j

131 1277 136 1288 ·
250 1241 369 1312 Tribus
389 1239 540 1312 constant
567 1240 727 1334 capitibus
758 1242 945 1336 horumque
961 1247 1065 1338 primo
1093 1239 1180 1313 defi
1226 1319 1228 1324 ,

215 1389 218 1394 -
249 1344 333 1414 noui
357 1338 499 1410 foederis
521 1340 681 1424 librorum
705 1341 851 1410 aetatibus
873 1339 1047 1411 ac.diuina
1073 1345 1221 1412 auctori'

247 1460 305 1510 tur
322 1445 524 1535 canonisque
551 1441 716 1511 conlliruti
736 1441 869 1510 historia
886 1462 1060 1530 narratur3
1089 1439 1127 1538 se
1235 1451 1241 1462 '

247 1539 331 1613 sacri
355 1557 457 1612 textus
483 1537 552 1610 sata
570 1541 792 1623 recensentur,
817 1565 875 1636 per
897 1546 1011 1611 omnia
1043 1541 1181 1614 ecclesia

248 1665 291 1716 ac
309 1647 404 1712 tertio
417 1641 569 1718 editionis
585 1642 680 1715 huius
696 1640 867 1714 consilium
881 1639 1071 1726 exhibetur,
1102 1665 1167 1736 vna
1193 1725 1196 1732 ¹

249 1747 492 1813 memoratione
510 1763 646 1825 eorum,
669 1766 741 1838 qua
755 1746 791 1812 in
812 1765 850 1813 ea
877 1743 1013 1840 praestita
1039 1741 1173 1818 firerint.
1202 1787 1236 1794 -·

248 1841 347 1934 loca,
372 1847 417 1913 vti
448 1842 616 1926 dicuntur,
652 1841 1004 1940 paradeuverborum
1034 1847 1157 1940 pariter
1182 1831 1243 1918 ad*

239 1941 412 2039 ‘quasdam
449 1941 615 2014 breuiores
650 1963 778 2026 notas,
813 1941 1044 2038 complectitur
1078 1933 1201 2018 editio'*
1221 1937 1242 1946 ”

212 2045 216 2052 '
248 2041 374 2138 signem
387 2065 561 2114 numerum
579 2039 827 2140 discrepantium
848 2041 1047 2125 lectionum,
1072 2049 1108 2114 in
1130 2029 1272 2146 qullp‘l'l

210 2159 216 2168 “
247 2141 365 2239 gendis
381 2142 506 2217 Millius
527 2165 656 2213 rantum
675 2142 817 2213 studium
833 2142 1034 2227 collocauit,
1055 2165 1092 2214 vt
1112 2123 1272 2238 omlffl

207 2245 212 2254 ’
249 2267 345 2327 rum,
366 2248 424 2341 qui
446 2264 522 2314 ante
535 2265 612 2314 eum
626 2248 771 2316 invariis
792 2242 987 2315 lectionibus
1008 2229 1272 2340 congerendis*

207 2357 212 2374 '
246 2341 342 2428 sunt,
369 2342 563 2418 industriam
581 2341 790 2440 superauerit.
843 2341 961 2416 Sumsit
978 2368 1031 2414 eas
1050 2369 1089 2432 ex
1102 2333 1272 2436 codicibus

244 2445 440 2541 uuscriptis,
464 2443 684 2528 versionibus,
712 2465 843 2540 patrum
873 2442 1017 2540 scriptiss
1048 2449 1095 2514 ita
1117 2466 1229 2522 tamen
1239 2437 1272 2532 ,³1⁵

249 2542 442 2638 colligendis
462 2545 523 2615 illis
543 2544 615 2641 plus
631 2543 769 2623 laboris3
803 2569 905 2644 quam
929 2549 964 2612 in
990 2544 1147 2638 eligendis
1177 2571 1217 2620 ac
1231 2533 1271 2632 dl

248 2643 361 2714 randis
374 2643 484 2712 iudicii
502 2645 685 2717 adhibuerit
694 2645 877 2742 iustumque
895 2644 1072 2740 neglexerit
1084 2643 1239 2722 modum.
1254 2683 1271 2722 ·.

246 2739 375 2816 sactum
399 2742 460 2826 est,
486 2764 520 2812 vt
538 2742 767 2823 librariorum
791 2765 848 2817 aut
871 2766 1002 2841 patrum
1028 2750 1272 2844 antiquiorum}

247 2839 345 2915 sacile
363 2846 399 2912 in
420 2841 626 2913 orationibus
645 2841 706 2913 suis
727 2846 814 2917 dicta
836 2843 998 2942 scripntrae
1020 2843 1113 2916 sacrae
1132 2869 1269 2948 propter

249 2947 363 3014 moriae
384 2940 641 3014 imbecillitatem
664 2949 773 3012 minus
800 2945 952 3018 adcurate
975 2944 1133 3018 adducere
1166 2969 1272 3042 potue

247 3065 354 3115 errata
369 3039 538 3112 manifesta
558 3047 593 3112 in
609 3045 775 3113 variarum
798 3044 980 3117 lectionum
1002 3067 1177 3116 numerum
1202 3071 1272 3120 retu

245 3148 389 3214 Fuerunt
414 3145 501 3214 hanc
524 3143 570 3213 ob
591 3168 685 3234 rem,
711 3146 770 3241 qui
801 3167 916 3214 contra
939 3168 1067 3216 nouum
1087 3151 1155 3216 eius
1187 3147 1272 3220 testu

246 3264 319 3313 turn
338 3267 482 3339 gracum
504 3241 826 3317 animaduersionem
855 3244 1036 3317 censoriam
1067 3244 1272 3338 adhiberent,

146 3597 150 3601 ’
235 3608 254 3652 *
282 3597 419 3670 metr'or'rtr
440 3607 472 3668 de
501 3605 632 3678 Treuoree
656 3623 679 3664 u
696 3623 715 3663 n
730 3623 747 3663 e
764 3622 782 3664 e
797 3621 829 3662 x.
844 3604 908 3665 nri.
926 3620 954 3680 p.
968 3612 1038 3678 734.
1067 3602 1178 3663 nunu!
1199 3604 1272 3684 διε]

265 3749 458 3795 nocturn.
471 3728 520 3794 iul.
536 3730 641 3808 puae.
664 3745 726 3790 rete
739 3725 911 3788 audium
927 3746 950 3788 u
966 3746 985 3786 o
1000 3747 1017 3787 e
1034 3747 1052 3787 c
1067 3745 1131 3788 nrt
1147 3743 1170 3794 t.
1185 3748 1214 3808 p.
1226 3750 1249 3795 r.

268 3875 349 3920 uter
377 3852 555 3935 bibliotheque
571 3849 652 3929 christ
677 3869 823 3915 tensare,
845 3871 874 3933 p.
888 3868 953 3925 350.
981 3869 1052 3914 notre
1086 3851 1208 3915 lirrerrr.
1233 3853 1272 3916 de

262 3980 334 4066 gens.
348 3998 540 4046 uocetur,
560 3985 667 4057 p.287.
687 3972 920 4055 emmtbtyr'srbrr
939 3970 1118 4040 silurum.
1145 4000 1173 4059 p.
1185 3995 1254 4056 571.

269 4123 327 4167 nu
351 4102 535 4183 protego-rma
554 4102 660 4164 iterum
675 4096 863 4161 describenda
878 4097 991 4159 curauit
1013 4117 1243 4165 retrusurus

263 4249 322 4311 que
337 4226 490 4290 illustrauit
502 4245 626 4308 quatuor
642 4225 898 4301 dissertationibus,
910 4223 1098 4308 Regiomonti
1113 4246 1272 4291 uueexn

265 4371 508 4414 trucexxxrsn
