2859 5067
365 370 644 461 nunococtun
673 406 955 457 extenuent.
1166 390 1238 481 873

85 508 1233 535 ........-.......-.-.-...--—....-...

123 558 290 632 beriorem
306 562 444 631 historia
459 560 653 655 euangeiitae
667 565 984 656 interpretationem,
1004 563 1070 635 stne
1082 564 1241 661 adparatu

124 664 320 735 eruditionis
344 662 549 758 philologicae
566 686 604 731 ac
620 666 749 745 criticae,
773 664 1022 757 complectitur:

195 788 376 833 utcotnr
409 786 678 833 §cruentant
715 765 936 861 explicationes
957 766 1125 836 harmonia
1145 788 1241 836 eoen-

94 864 98 871 '
124 864 246 963 galion,
267 865 376 960 Lipsrae
398 883 532 939 Moclv.
552 875 585 947 8.
613 870 632 909 *

181 991 359 1036 nuptm
384 988 674 1036 cnrtnnorott
690 964 1242 1066 catenatureoinbormont'atnqoe·

126 1084 204 1139 tuor
224 1066 492 1163 coingenitum
514 1065 734 1161 Magdeburgi
761 1086 895 1142 MDcW·
915 1090 951 1161 4.
977 1070 1163 1161 germanice
1178 1066 1244 1137 ibi·

126 1168 207 1239 dem
234 1186 396 1243 MDcvln·
425 1193 461 1259 4.
489 1166 690 1238 Confecerat
708 1188 824 1238 auctor
842 1194 926 1264 opus
945 1169 1126 1239 harmonia
1140 1188 1243 1238 euan-

129 1268 240 1365 gelicae
259 1267 309 1369 [ᾳ
325 1291 516 1347 tomorumt
539 1275 663 1365 primus
683 1290 795 1340 autem
812 1290 939 1339 tantum
962 1268 1068 1339 lucem
1087 1266 1242 1364 adspexit.
1326 1256 1330 1278 ⁸

130 1370 371 1465 Complectitur
391 1371 444 1441 ilie
470 1394 519 1439 res
539 1370 647 1440 christi
671 1369 713 1439 ab
739 1394 830 1439 anno
855 1376 922 1440 eius
945 1368 1044 1439 natali
1075 1392 1177 1467 usque
1202 1367 1244 1437 ad

126 1494 255 1543 annum
276 1472 494 1566 trigesimum:

196 1595 415 1641 eruuntur
453 1593 606 1640 tvutnt
637 1565 858 1665 monoteffitron
872 1596 881 1645 ς
896 1566 952 1664 sen
978 1566 1111 1661 historia
1135 1566 1244 1663 christi

133 1696 178 1744 ete
191 1692 332 1771 quotuor
357 1668 565 1765 conquisiti,
588 1693 701 1763 grace,
728 1669 829 1739 iatine
852 1692 883 1739 et
907 1674 1105 1764 germanice,
1126 1670 1246 1741 Roiio.

133 1775 201 1843 chii
223 1793 366 1847 moeni.
394 1796 429 1862 4.
470 1791 700 1867 praeterquam
718 1775 858 1865 primam
875 1768 1157 1852 editionemaliae,
1176 1794 1246 1863 quae

130 1873 274 1967 sequuta
290 1871 362 1954 sint,
388 1890 625 1942 memorantur.
678 1868 830 1941 Prodiiss'e
853 1871 937 1942 iiber
954 1872 1007 1940 hic
1026 1869 1162 1939 traditur
1177 1872 1248 1939 Ro·

135 1973 254 2043 stochii
287 1991 436 2047 uncxit.
468 1990 629 2045 uncxvt.
650 1971 886 2042 Amstelodami
916 1989 1081 2044 uucxw.
1106 1974 1250 2039 Franco.

134 2070 219 2145 furti
246 2090 391 2146 MDCXV.
420 2072 588 2143 Rostochn
613 2092 761 2146 MDcxu.
784 2072 884 2142 iatine
905 2096 942 2141 ac
964 2068 1249 2166 greceRostochii

134 2170 328 2249 MDcxitvt.
355 2196 391 2264 4.
422 2197 503 2268 quas
521 2198 639 2243 omnes
658 2172 818 2245 editiones
838 2178 980 2245 omnino
998 2172 1107 2241 iucem
1126 2164 1249 2254 vidiffe,

136 2271 204 2369 ipse
221 2270 408 2343 adseuerate
426 2275 514 2344 haud
534 2271 684 2370 poffum:

98 2430 103 2437 .
201 2396 383 2445 etonem
414 2398 598 2447 cnttxtr
628 2393 770 2475 quotuor
788 2376 1039 2470 evangelicorum
1058 2367 1252 2469 scriptorem

138 2473 307 2545 concordia
322 2493 354 2544 ct
373 2476 524 2561 locorum,
545 2502 613 2575 qne
632 2479 668 2548 in
682 2484 725 2547 iit
742 2496 926 2560 occurrunt,
949 2471 1125 2570 difficilium
1143 2488 1176 2540 tt
1189 2468 1253 2540 du-

137 2572 263 2646 tiorum
303 2577 498 2673 explicarit,
546 2577 764 2648 Haiberstadii
811 2594 1046 2651 MDCXXIV·
1095 2570 1253 2641 Goslariae

136 2692 385 2751 tnncxxxvru.
409 2696 570 2751 Mucmv.
599 2678 794 2748 Heimstadii
814 2694 1003 2751 mucium.
1026 2697 1061 2763 4.
1095 2675 1187 2742 cuius
1204 2669 1253 2741 vl.

137 2779 226 2845 tima
246 2776 398 2845 editionis
415 2801 528 2848 curam
541 2776 827 2873 geffiti'ridert'cot
847 2773 1144 2869 ViricutColt'xtttt‚
1156 2770 1253 2853 fliius,

141 2870 290 2970 eamque
298 2898 337 2943 ex
352 2876 574 2973 manuscripto
598 2884 698 2973 patris
713 2878 939 2974 locupletant,
964 2899 1068 2974 quutn
1084 2873 1164 2944 libet
1189 2869 1254 2967 ipse

142 2996 254 3064 antea,
274 2974 377 3045 inscio
394 2998 541 3059 auctore,
563 2984 599 3048 in
620 2980 726 3049 lucem
756 2974 934 3073 prodiiffet.
983 2974 1159 3047 Adduntut
1186 2973 1255 3042 alia

141 3075 326 3152 editionest
359 3075 577 3147 dubitandum
599 3101 710 3150 autem
730 3079 785 3161 est,
811 3102 864 3149 eas
893 3081 1034 3148 omnino
1055 3080 1091 3144 in
1120 3072 1255 3168 conspe-

106 3182 111 3195 '
141 3195 235 3244 ctum
257 3174 426 3269 publicum
445 3173 574 3248 veniiie.
624 3182 735 3249 Breuis
762 3178 896 3275 quidem
914 3179 959 3249 est
980 3174 1149 3248 concordie
1169 3174 1255 3249 haect

144 3296 292 3346 attamen
307 3276 434 3347 erudita
448 3297 553 3371 atque
565 3284 660 3348 omni
679 3278 775 3349 laude
792 3279 904 3373 digna,
927 3304 994 3374 qua
1011 3302 1030 3347 a
1052 3274 1161 3347 multis
1178 3277 1254 3345 viris

88 3432 92 3437 .
142 3372 335 3447 doctiffimis
352 3401 450 3472 atque
460 3378 502 3448 ab
520 3378 592 3473 ipsis
603 3380 722 3450 Calixti
733 3378 921 3455 aduersariis
935 3400 1082 3453 ornatur.
1109 3374 1257 3475 Qtando

144 3499 242 3553 nun.
272 3501 470 3549 ctuovrvo
493 3476 536 3521 **
559 3484 764 3574 pronuntiat,
774 3482 972 3551 concordiam
985 3478 1073 3549 iiiam
1085 3477 1131 3548 ob
1145 3478 1257 3545 varios

141 3600 280 3659 errores,
306 3602 383 3648 cum
399 3584 436 3649 in
458 3580 671 3651 harmoniam
692 3602 725 3653 et
739 3582 926 3660 historiame
951 3604 1021 3652 tum
1041 3585 1078 3650 in
1100 3577 1258 3669 dogmata

143 3675 221 3749 fidei
240 3682 477 3773 impingentes,
499 3683 536 3748 in
551 3679 683 3751 censum
702 3684 755 3751 vix
778 3688 909 3767 venire,
941 3682 1031 3752 maio
1055 3702 1132 3772 erga
1148 3673 1259 3744 Calix·

142 3798 216 3850 tum
236 3776 377 3851 adfectui
393 3784 491 3851 nimie
509 3778 669 3853 indulfiffe
685 3780 738 3851 ilie
761 3784 900 3860 videtur.
950 3788 987 3852 in
1009 3784 1138 3848 tatione
1156 3797 1260 3845 euan-

675 3886 731 3952 Iii
760 3906 777 3971 5
1134 3873 1260 3972 gelistas

103 3984 1260 4055 .'.-----⁴-......-.t.-.........--...--

85 4110 91 4115 '
136 4110 155 4150 ¹*
175 4104 250 4167 liber
265 4104 313 4167 hic
331 4122 364 4168 vt
378 4102 507 4171 diuersus
520 4108 557 4173 ob
579 4110 710 4173 eiusdem
736 4130 971 4175 enunccent
996 4108 1137 4168 harmonia
1149 4122 1261 4184 euange-

164 4190 264 4251 liorum
277 4206 305 4247 tt
319 4188 488 4266 epistolariter
503 4201 633 4269 minum,
652 4194 745 4257 tribus
762 4196 898 4273 patribus,
916 4191 1078 4255 teceniirut
1094 4191 1128 4250 in
1153 4206 1199 4249 er.
1209 4206 1225 4245 u
1235 4205 1261 4243 t·

167 4290 248 4337 eutr
269 4270 410 4331 annalibus
424 4274 595 4355 ntlenaliieit
622 4297 689 4341 ton.
708 4297 731 4340 r.
757 4296 786 4357 p.
805 4299 872 4355 173.
898 4281 965 4351 176.

85 4414 92 4425 '
117 4422 172 4471 'u
190 4418 383 4502 prolegomenis
400 4414 546 4483 hemonia
563 4420 728 4507 coangelice,
749 4442 814 4507 que
834 4421 876 4489 est
898 4425 928 4487 in
948 4408 1129 4485 timidior·
1149 4409 1267 4495 Mn·

165 4520 224 4571 tot.
245 4505 312 4567 noui
328 4500 480 4587 testamen
493 4518 566 4583 ,tom
579 4524 604 4569 ι.
620 4526 650 4589 p.
663 4522 708 4589 ¹3·
791 4550 794 4561 .
859 4506 863 4514 '
