2859 5067
515 428 829 481 uomentem.
957 350 959 359 Ι
1174 430 1247 511 94,

116 528 1242 567 -----——---—-—-——---·-,

87 582 175 683 rapio
194 579 322 675 euulsa
339 598 457 678 erant,
481 602 548 657 cur
563 578 754 658 orationes
768 580 875 659 sacra
895 582 1164 675 omitterentur,
1184 584 1251 665 sal·

87 708 175 773 tem,
197 682 275 761 stet
299 680 544 769 haberentur,
571 677 617 758 ad
643 678 836 761 salutarem
866 685 1123 786 cognitionem
1147 686 1251 768 haud

87 786 287 893 puidquam
308 781 512 861 adferrent:
543 781 657 858 immo
674 781 772 858 illam
796 784 1032 884 impedirent.
1087 792 1185 893 Qua
1204 814 1252 867 ex

87 886 192 967 etatis
218 885 332 963 huius
354 882 593 960 monimentis
623 882 670 959 ad
690 882 877 961 historiam
900 886 1138 966 homiliarum
1162 892 1250 969 illu·

87 987 264 1071 mandam
284 985 445 1063 enarrari
471 981 628 1084 possunt,
656 1009 784 1062 eorum
805 987 990 1087 praecipua
1008 991 1128 1088 capita
1151 990 1249 1091 sunt,

87 1094 262 1169 uolumen
283 1092 520 1190 pericoporum
541 1088 817 1188 evangelicorum
849 1110 963 1188 atque
986 1090 1250 1193 epislolt'cnrum,

86 1192 135 1271 eti
160 1190 204 1266 ad
233 1193 407 1273 edantur,
434 1190 633 1263 collectum
660 1209 773 1288 atque
796 1187 1046 1265 homiliarium
1070 1192 1250 1293 composi.

86 1318 163 1373 nem
195 1217 324 1370 sicilie:
350 1308 429 1365 orta
451 1311 498 1365 ex
530 1312 577 1365 eo
604 1285 676 1364 elle
690 1288 845 1388 postilla:
880 1289 1050 1369 doctores
1070 1292 1249 1397 temporis

86 1392 187 1473 dlius
204 1386 393 1486 exstitisse,
419 1390 486 1490 qui
503 1387 691 1465 sermones
713 1388 831 1463 sacros
852 1390 1051 1469 scriberent
1073 1419 1115 1471 ac
1137 1396 1252 1481 relin-

86 1514 260 1601 querent:
288 1491 386 1570 inter
408 1491 476 1565 hos
495 1486 566 1566 elle
583 1492 802 1591 nonnullos,
827 1490 1016 1593 plerisque
1036 1492 1116 1569 aliis
1129 1498 1248 1574 multo

86 1596 252 1680 meliores
275 1615 387 1695 atque
413 1590 592 1669 utiliores.

190 1725 274 1789 Non
299 1720 418 1799 vnius3
446 1711 499 1784 sed
524 1706 655 1781 diuersa
678 1715 779 1782 aetatis
803 1708 876 1785 sunt
897 1721 1045 1814 pericopa
1068 1721 1249 1820 euangelica

128 1842 231 1917 atque
248 1814 412 1918 epistolica.
461 1816 607 1881 Primum
622 1807 708 1881 festis
727 1813 841 1883 diebus
863 1822 942 1887 certi
963 1839 1065 1889 textus
1085 1822 1249 1917 euangeli-

129 1943 231 1993 orum
258 1916 416 2010 adsignati
440 1908 587 1987 fuerunt.
640 1918 758 2011 Qum
775 1916 843 1984 dies
870 1917 904 1987 hi
928 1915 1088 1992 solemnes
1117 1920 1248 1993 diuerso

131 2016 340 2114 temporibus
355 2012 510 2083 celebrari
521 2016 620 2108 coepti
635 2010 721 2108 sunt,
745 2037 819 2085 eam
835 2015 881 2088 ob
899 2015 1040 2090 caussam
1052 2026 1150 2119 origo
1164 2044 1250 2119 quo·

130 2144 201 2220 que
216 2120 332 2189 harum
355 2118 585 2212 pericoparum
605 2112 648 2183 acl
667 2109 827 2187 diuersam
851 2140 979 2190 atatem
1006 2120 1118 2193 referri
1142 2122 1251 2195 debet.

132 2226 267 2311 Earum,
290 2214 491 2313 quaediebus
510 2212 686 2285 dominicis
708 2217 922 2312 explicantur,
944 2220 1104 2319 pleraque
1121 2228 1189 2293 iarn
1203 2220 1250 2294 se·

100 2332 104 2337 '
131 2322 212 2395 culo
233 2339 353 2415 quarto
373 2339 413 2385 ac
430 2318 549 2410 quinto
577 2315 728 2387 adhiblta
748 2340 845 2415 atque
869 2325 914 2390 ira
937 2321 1066 2393 delecta
1090 2323 1180 2413 sunt,
1216 2345 1252 2395 vt

130 2426 274 2499 maxime
306 2420 477 2503 materiam
508 2416 718 2511 praeberent,
760 2424 832 2491 Arii
867 2421 999 2492 haerefin
1037 2424 1254 2521 profligandi,

128 2520 307 2625 prasertim
326 2543 365 2590 ex
385 2516 550 2589 miraculis
567 2516 686 2605 christi,
711 2544 857 2615 quorum
876 2522 978 2593 multa
994 2527 1030 2593 in
1048 2524 1186 2594 textibus
1201 2525 1251 2595 his

131 2622 330 2719 euangelicis
349 2640 555 2694 enarrantur.
607 2619 837 2690 fundamento
861 2622 926 2691 hoc
949 2623 1069 2717 posito,
1089 2610 1251 2722 peric'op‘a

130 2726 183 2801 be
198 2750 216 2793 a
232 2730 396 2816 Gregorio
423 2742 548 2812 magno
569 2743 675 2816 usque
705 2719 747 2789 ad
764 2721 923 2792 Carolum
939 2748 1099 2818 magnum
1116 2728 1152 2794 in
1175 2748 1252 2798 eum

132 2826 289 2900 ordinem
309 2819 446 2892 redactae
470 2839 569 2915 atque
603 2823 647 2888 ita
670 2819 827 2912 disposta
856 2820 948 2903 sunt,
979 2846 1015 2895 vt
1038 2824 1080 2895 ad
1101 2820 1250 2901 formalia

131 2930 284 3027 proxime
304 2919 505 3002 accederent,
528 2942 629 3015 quam
652 2919 764 3015 postea
787 2944 987 3017 receperunt.
1041 2922 1128 3021 Ipse,
1157 2932 1249 2999 cuius

85 3090 90 3109 ,
132 3052 224 3100 nunc
240 3028 446 3095 mentionem
468 3016 552 3102 feci,
581 3018 722 3089 Carolus
750 3045 889 3116 magnus
905 3022 1050 3095 Paullum
1068 3022 1250 3101 dacorum

128 3124 227 3207 iuffit,
252 3124 325 3195 istas
344 3145 411 3191 vno
433 3119 603 3190 volumine
625 3144 663 3189 ac
675 3119 788 3192 debito
807 3123 924 3194 ordine
940 3128 1087 3220 iungere.
1124 3126 1248 3215 Eadem

129 3220 201 3302 fere
223 3229 352 3294 ratione
374 3225 536 3318 pericope
565 3220 738 3317 epistolica
760 3242 840 3293 orta
867 3221 950 3294 sunt.
1009 3225 1156 3299 Pluribus
1176 3224 1249 3321 'hac

129 3324 297 3424 exposuit:
326 3347 381 3393 ro.
404 3343 625 3392 nuntietis
651 3346 880 3394 runuenvs
896 3320 1249 3415 [ebediaimatediori-

125 3438 207 3530 gine
223 3447 256 3498 er
271 3424 435 3524 dignitate
444 3427 672 3521 pericopam,
693 3448 762 3523 qua
781 3429 943 3521 euangelia
964 3444 997 3499 er
1015 3414 1249 3529 epistolaeuulg'o

127 3549 298 3613 wcantar,
320 3543 419 3627 arque
434 3519 545 3593 diriter
571 3524 763 3622 dominicis,
775 3523 871 3619 sepiis
889 3526 1149 3631 oppidorumque
1168 3532 1248 3627 ſsen-

124 3652 252 3706 ctoram
265 3621 532 3720 memoriaefhcrie
544 3623 740 3697 concionibus
751 3627 970 3725 praelegttntter
986 3650 1018 3702 et
1035 3633 1249 3731 explicantur,

129 3740 213 3807 lente
239 3745 429 3804 MDccxvl.
448 3749 483 3816 4.
497 3726 519 3768 ¹*
545 3730 629 3827 Qtae
645 3726 686 3797 ad
702 3728 1112 3828 hisloriamspeciatimque
1123 3732 1165 3805 ad
1179 3738 1249 3804 ori-

130 3839 245 3930 ginem
261 3831 380 3901 harum
405 3832 637 3924 pericopamm
654 3834 834 3924 pertinent,
857 3855 895 3900 ea
915 3832 1097 3901 Thamerus
1122 3834 1248 3919 erudite
1337 3906 1342 3921 ,

131 3958 172 4005 ac
192 3930 372 4004 luculenter
385 3926 597 4025 persequutus
612 3926 674 4005 ests
697 3954 800 4024 quum
827 3951 938 4001 autern
956 3929 996 4000 de
1017 3932 1176 4027 dignitate
1192 3960 1249 4029 ea.

93 4042 95 4049 '
130 4030 285 4105 rumdem
304 4052 375 4099 non
393 4033 518 4122 optime
536 4026 695 4099 iudicaret
710 4052 749 4098 ac
775 4027 938 4101 sententio
954 4029 1087 4103 illorum
1108 4031 1247 4120 faueret,

156 4136 191 4203 ui
206 4129 399 4206 existimant,
423 4130 595 4224 pericopas
617 4127 691 4197 ilias
715 4128 924 4223 abrogandas
944 4127 1016 4214 esl'e,
1040 4154 1168 4204 tanturn
1188 4134 1248 4204 ab·

127 4160 208 4318 suit,
231 4252 268 4303 vt
285 4225 442 4299 omnibus
462 4224 495 4300 se
510 4226 771 4315 commendaret,
797 4250 831 4298 vt
849 4254 868 4299 a
886 4229 1083 4327 quibusdam
1096 4234 1248 4305 animad-

1139 4332 1247 4411 uerso

82 4453 617 4487 ''fl-“u———n

109 4510 135 4563 ‘
159 4508 380 4583 nemon.
397 4524 589 4597 unacort.
610 4524 644 4590 p.
659 4510 733 4586 ηε.
808 4542 810 4549 ·
1202 4512 1252 4553 a·
