2859 5067
366 415 641 471 cirrotecam
674 414 960 465 tractarent.
1185 406 1254 491 825

85 518 1178 545 ------.-.....-........-..-.....-....

114 572 322 661 ¹litterarum
348 574 511 647 sacratum
547 570 725 653 adhibuisse
750 600 789 645 ac
817 574 979 671 permulta
1008 576 1136 651 iliarum
1169 577 1256 663 lota,

140 700 214 747 non
237 701 295 771 per
320 676 351 747 se
371 678 536 781 euidentia
558 701 655 773 atque
683 676 851 771 expedita3
879 676 930 746 sed
958 676 1094 747 obscura
1120 704 1158 751 ac
1182 704 1258 751 cum

115 781 230 847 ‘'catia
240 774 429 847 difficultate
440 781 629 857 coniuncta,
647 774 785 847 feliciter
803 774 995 872 explanasse.
1029 784 1112 847 Non
1130 784 1257 849 medio·

85 964 87 971 Ι
128 890 230 947 ¹crem
248 878 370 949 horum
388 882 581 949 meritorum
599 878 730 949 laudem
750 900 888 973 eamque
906 878 1048 949 debitam
1070 879 1131 963 ruet
1144 881 1254 951 conse·

91 1008 101 1019 ¹
137 1000 262 1073 quutus
290 978 346 1052 est.
410 978 561 1049 Ostendit
588 983 753 1073 egregiam
779 978 1020 1060 eruditionem,
1046 1003 1117 1049 non
1141 980 1255 1075 vulga.

141 1102 214 1149 rem
232 1077 397 1148 iudicandi
417 1077 619 1159 facultatem,
645 1079 787 1148 studium
809 1076 888 1146 boni
907 1076 1033 1147 ordinis
1046 1103 1084 1147 ac
1099 1087 1254 1167 ueritatis.

139 1182 228 1249 Non
245 1179 277 1247 id
295 1178 500 1274 propofitunt
523 1179 580 1251 fibi
597 1177 725 1261 habuit,
743 1200 778 1246 vt
794 1202 899 1249 nouas
918 1200 1047 1248 tantum
1064 1180 1254 1276 explicatio·

138 1302 199 1349 nes
221 1282 257 1349 itt
275 1276 381 1350 lucem
401 1277 576 1374 proferret,
600 1305 638 1349 ac
655 1303 713 1374 per
735 1277 805 1348 illas
824 1282 947 1373 ingenii
967 1284 1036 1349 vim
1061 1280 1256 1351 monstraret

138 1403 181 1451 ac
201 1402 327 1451 nomen
351 1380 499 1452 redderet
523 1380 667 1455 celebret
692 1378 745 1449 sed
763 1380 798 1448 id
819 1382 960 1449 maxime
980 1384 1121 1465 curauit·
1143 1403 1178 1451 vt
1198 1406 1253 1451 vt·

138 1505 214 1551 rum
243 1478 369 1552 sensum
398 1500 526 1551 erueret
552 1478 641 1575 srqne
660 1478 743 1547 aiios
774 1477 998 1548 confutandos
1023 1478 1083 1552 esse
1114 1488 1254 1577 putauit,

138 1580 278 1677 praebuit
289 1582 321 1654 sc
337 1582 571 1676 disputatorem
592 1581 784 1649 adcuratum
807 1604 843 1647 ac
862 1579 1060 1650 modestum:

205 1705 390 1753 narrante
404 1706 453 1749 nr
488 1704 644 1749 Wrrstr
683 1681 871 1773 ntrjceldanra
883 1678 996 1773 lucra,
1022 1704 1164 1773 quotum
1186 1684 1252 1777 pti·

138 1802 235 1851 mum
276 1781 351 1851 libri
394 1802 539 1876 quatuor
586 1779 800 1874 prodierunt,
835 1783 975 1849 Traiecti
1019 1780 1061 1847 ad
1103 1781 1255 1853 Rhenum

135 1885 423 1970 MDcx011.4.*
462 1902 495 1949 et
527 1884 646 1953 iterum
666 1880 819 1973 Lugduni
848 1884 1049 1949 Batauorum
1080 1900 1255 1955 Mncxcv.

139 2002 180 2071 4.
200 1976 244 2022 *⁴¹
266 1984 306 2049 In
322 1980 384 2051 illis
401 1976 559 2051 disseritur
574 1981 614 2052 de
633 1982 802 2076 prophetis
817 2003 849 2050 et
864 1980 1057 2075 prophetia:
1085 1979 1126 2052 de
1149 1980 1275 2051 ruben·
1351 2053 1358 2073 Α

138 2078 250 2151 naculi
277 2078 398 2151 leuitici
427 2080 605 2174 mysteriis:
638 2080 679 2153 de
706 2081 884 2153 collatione
909 2080 1079 2151 sacerdotii
1108 2087 1254 2153 Aaronis

139 2204 174 2251 ct
191 2180 318 2250 christi:
343 2183 384 2252 de
400 2181 771 2275 synedriisEbraeorum:
795 2183 836 2254 de
851 2204 995 2278 quatuor
1013 2181 1118 2252 bestiis
1132 2187 1256 2251 Danie-

137 2280 199 2351 lis:
221 2280 263 2351 de
282 2280 371 2353 cultu
387 2281 564 2357 Molochi:
596 2284 637 2355 de
658 2280 768 2355 seculo
791 2283 857 2352 hoc
878 2306 910 2352 et
928 2280 1066 2353 futuro:
1102 2282 1141 2353 de
1163 2280 1254 2353 sensu
1283 2358 1286 2365 ,

137 2380 347 2477 epistolarum
371 2382 695 2479 apocalypticatum:
735 2383 776 2455 de
806 2383 978 2454 schismate
997 2382 1255 2453 Donatistarum.

134 2481 252 2556 Postea
271 2504 304 2554 et
322 2482 430 2556 lucent
447 2484 609 2580 adspexit:
633 2481 896 2581 misiellaneurum
909 2480 1076 2578 fitcrorum
1092 2502 1195 2555 tomus
1207 2486 1254 2552 as·

135 2601 203 2667 ter,
229 2593 392 2656 coutimur
415 2590 802 2661 nutrimentorum
823 2595 967 2653 maxima
986 2609 1026 2651 ex
1046 2602 1141 2682 parte
1160 2582 1255 2677 basto·

135 2688 269 2757 rica-et
289 2686 645 2783 critico-theologicas,
669 2686 834 2757 nuititrtldas
853 2692 888 2754 itt
918 2686 1146 2767 ustraiectt'nu;
1173 2686 1254 2756 alias

132 2790 172 2855 ἐκ
190 2780 317 2879 seidenss
333 2785 495 2855 uuthmia
504 2783 641 2885 liudiosae
655 2794 819 2858 iuuentuti
832 2782 1005 2869 exhibitas,
1027 2787 1142 2885 quibus
1162 2784 1255 2883 acces

125 2882 245 2983 ferunt
264 2886 546 2977 animaduersum
559 2896 684 2957 irenica
707 2889 752 2958 ad
766 2885 993 2981 controuerfiat
1015 2890 1170 2985 quasdam
1197 2912 1254 2957 an·

126 2985 294 3081 glicerius,
315 3004 354 3057 vt
375 3002 408 3055 tt
422 2992 580 3059 orarium
600 2995 751 3089 quinque,
776 2986 1015 3057 Amstelodami
1035 3009 1067 3057 et
1089 2988 1254 3059 Vltraiecti

134 3102 262 3163 MDCC.
287 3106 325 3179 4.
347 3083 412 3131 ***
448 3091 533 3183 Quae
550 3088 722 3159 voiumine
745 3088 811 3158 hoc
834 3093 1058 3169 continentur,
1081 3112 1253 3159 commen·
1278 3084 1280 3088 ’

134 3190 303 3258 rationum
315 3186 483 3259 nonnulle
498 3192 566 3259 iam
584 3210 680 3258 antea
695 3192 731 3258 in
750 3185 960 3283 conspectum
976 3188 1141 3284 publicum
1157 3213 1253 3259 verte·

135 3309 225 3369 rant,
249 3292 428 3359 nimirum:
449 3288 605 3358 dudem
630 3295 896 3359 exercitationum
916 3296 1181 3371 academicum,
1198 3288 1254 3357 Vs-

133 3391 261 3458 traiecti
284 3406 476 3465 Mncxcw.
499 3401 535 3474 8.
563 3393 585 3427 ’¹
612 3414 683 3487 quae
698 3412 772 3459 non
790 3387 896 3459 solum
915 3394 950 3461 in
966 3390 1090 3461 dictum
1105 3388 1253 3486 miscella-

133 3510 265 3561 neorum
298 3488 456 3561 volumen
487 3490 648 3565 translatae
673 3486 773 3569 sunta
810 3486 864 3561 sed
897 3488 1095 3561 accesserunt
1119 3513 1255 3587 quoque

133 3589 288 3663 undecim
309 3590 380 3662 aiiae
411 3596 660 3663 exercitationes
691 3612 792 3689 atque
822 3591 1103 3681 animaduersum
1127 3602 1255 3663 irenica

601 3723 613 3741 1
677 3688 762 3763 st
784 3712 802 3784 5
1209 3690 1256 3760 ad

682 3844 880 3863 Μ

122 3912 143 3951 *
172 3914 388 3981 coemitur.
417 3934 596 3979 uocxcrt.
617 3938 647 3996 p.
674 3934 744 3991 ²²7·
764 3932 834 3994 319.
866 3932 1062 3974 rrurzetrt
1098 3912 1258 3974 moratorie

154 4000 380 4081 ummedungett,
407 4005 493 4078 1692.
511 4020 541 4079 p.
567 4017 634 4071 ¹3¹·

125 4078 162 4117 '¹‘
188 4078 297 4149 dissum
320 4084 366 4141 det
386 4100 519 4169 ouvrages
535 4082 580 4142 des
592 4084 698 4157 struant
726 4098 898 4143 eructet.
909 4074 1055 4157 septembr.
1076 4098 1105 4158 p.
1129 4098 1173 4141 ra.
1195 4097 1258 4137 rere

151 4166 286 4222 eruditor.
318 4183 627 4245 uucxcv.'p.512,

123 4250 178 4293 W*
209 4266 272 4307 utta
298 4246 433 4310 eruditor.
463 4266 579 4311 nnec.
601 4270 630 4329 p.
652 4256 722 4317 284.
750 4240 1017 4307 intitutionem
1041 4242 1136 4303 libror.
1161 4262 1259 4309 norror,

152 4340 383 4408 cmv-2778.
405 4328 495 4389 addc:
522 4328 787 4391 tttruurrr'amt
809 4328 1145 4409 extgrtr'jtbehthliuthetp
1170 4346 1258 4397 ¹¹²4·

104 4413 141 4479 ,θ
163 4429 369 4475 rturzurr
395 4412 554 4475 momriiche
564 4415 795 4497 unterteduttgen.
818 4418 907 4493 1695.
929 4432 957 4491 p.
974 4428 1041 4485 173.
1059 4428 1121 4469 atta
1138 4414 1261 4467 mairo-

149 4516 216 4585 (¹⁸
237 4500 410 4560 itocxct.
430 4514 460 4575 tt
478 4500 529 4585 61.
