2859 5067
399 452 676 503 ruuouoerne
707 448 996 507 excuterent.
1194 438 1275 523 '823

146 608 222 667 noui
249 598 445 691 testamenti,
472 625 548 670 cum
571 605 724 671 oratione
750 602 785 671 in
812 598 933 669 obitum
953 596 1056 668 iacobi
1078 594 1276 695 Triglandic',

147 700 387 779 Amstelodami
409 720 585 775 nnnccvn.
609 724 645 793 4.
679 725 748 796 qno
772 701 941 771 volumine
960 698 1105 794 pluribus
1134 704 1272 796 exponi·

150 822 225 869 tur:
265 800 305 868 de
343 802 459 869 ordine
491 803 669 871 natiuitatis
705 800 851 871 liliorum
896 800 1056 870 Noachi:
1093 799 1134 870 de
1179 824 1271 870 anno

141 903 332 970 natiuitatis
364 901 543 971 Abrahami
585 907 720 997 eiusque
756 907 893 971 nomine
932 921 1090 969 mutato:
1129 900 1170 972 de
1209 924 1270 970 co.

150 1000 266 1069 lumna
300 1000 394 1069 nubis
422 1024 454 1070 et
484 1006 569 1095 ignis
604 1002 740 1095 iliisquc
763 1001 910 1096 pluribus
939 1000 1052 1071 deserti
1081 998 1266 1070 miraculis:

151 1100 194 1170 de
228 1100 374 1171 descensu
407 1100 534 1196 spiritus
567 1106 603 1171 in
632 1100 743 1173 forma
778 1102 938 1171 columbae
964 1100 1058 1195 super
1089 1102 1264 1171 christum:

150 1200 193 1271 de
229 1208 365 1271 nomine
398 1204 520 1297 λόγε,
566 1202 687 1272 ‘christo
724 1204 834 1275 dato:
881 1202 921 1271 (le
966 1222 1102 1296 peccato
1131 1203 1168 1270 in
1200 1200 1265 1297 lpi-

148 1308 248 1371 ritum
298 1302 446 1372 sanctum
496 1328 534 1371 ac
588 1303 628 1371 de
682 1304 792 1371 multis
841 1301 910 1371 aliis
970 1305 1199 1395 argumentis:
1242 1300 1264 1347 *

146 1407 220 1487 Vl.)
237 1404 459 1503 scriptumne
482 1410 727 1472 exercitationes
745 1406 788 1469 cd
801 1408 918 1497 viginti
936 1410 1074 1501 quinque
1084 1400 1196 1494 selecta
1215 1400 1262 1471 Ic·

145 1528 184 1571 ce
203 1514 322 1573 ueteris
338 1504 525 1587 tellumoni,
552 1502 789 1573 Amllclodnmi
815 1520 977 1575 illicem.
1007 1532 1037 1593 4.
1072 1502 1191 1596 quibus
1207 1506 1261 1571 in·

145 1606 287 1697 quiritur
299 1609 334 1673 in
352 1606 471 1672 Clrami
487 1604 643 1675 delictum
658 1608 791 1695 eiusque
812 1600 1037 1670 occasionem:
1063 1605 1258 1695 ingentium
1314 1684 1319 1701 ⁸

143 1706 298 1772 omnium
317 1702 583 1772 benedictionem
600 1708 636 1771 in
658 1702 778 1772 lemine
793 1702 994 1771 Abrahami:
1031 1705 1066 1770 in
1087 1700 1255 1775 historiam

141 1800 274 1885 israelis,
298 1827 357 1897 per
371 1803 556 1896 serpentum
572 1801 716 1871 morsum
734 1803 853 1872 adflicti
873 1824 906 1871 et
922 1800 963 1869 ab
983 1802 1047 1869 hoc
1064 1800 1253 1874 mirabiliter

141 1900 268 1973 sanati:
301 1908 335 1971 in
354 1902 428 1971 solis
449 1901 598 1997 luneque
623 1902 816 1989 stationem,
842 1926 917 1971 vere
944 1898 1189 1971 miraculosam:
1211 1907 1252 1973 in

140 2000 311 2071 hilloriam
331 2002 457 2089 satane,
478 2005 596 2073 lobum
617 2008 713 2071 variis
737 2004 844 2072 rnodis
864 2002 1057 2096 affligentis,
1083 2004 1252 2071 cuiusmo-

140 2102 175 2168 di
205 2098 269 2169 alia
295 2098 454 2197 scripture
484 2101 558 2171 loca
589 2127 800 2197 exponuntur
826 2126 925 2199 atque
955 2103 1171 2173 illullrantur:
1203 2102 1252 2147 ’⁸¹⁸‘

123 2202 223 2291 ¹Vll.)
247 2212 491 2273 exercitationes
507 2200 730 2303 firipturarr'e
750 2204 795 2273 cd
816 2206 881 2274 loca
903 2211 980 2275 notri
1002 2202 1178 2295 tellementi
1199 2207 1252 2271 vi·

131 2308 226 2397 giuti
240 2311 391 2400 quinque.
440 2306 567 2375 Accedit
593 2312 695 2375 oratic
704 2302 857 2399 funebris
874 2311 909 2373 in
930 2302 1048 2375 obitum
1068 2306 1249 2373 Hermcnm'

139 2402 248 2499 Wirfir',
269 2403 506 2475 Amllclodami
536 2424 685 2479 Moccx.
710 2429 746 2498 4.
774 2406 892 2501 quibus
908 2410 1016 2497 agitur
1036 2405 1075 2471 de
1097 2400 1161 2471 iesu
1186 2426 1247 2472 na-

131 2526 238 2573 znraeo
252 2506 425 2574 vocando:
453 2507 492 2575 dc
506 2504 668 2600 baptismo
685 2511 720 2575 in
742 2511 838 2598 igne,
865 2506 982 2574 chrillo
1007 2529 1025 2572 a
1043 2508 1168 2572 Ioanne
1188 2506 1247 2572 tri·

135 2604 244 2673 butor·
259 2604 299 2674 de
320 2610 510 2675 iuramentis
526 2630 584 2701 per
600 2627 780 2676 creaturas:
807 2606 848 2674 de
864 2605 1058 2697 angelorum
1074 2602 1244 2674 celestium

92 2718 100 2729 ‘
129 2706 278 2795 hymno,
304 2706 391 2799 apud
416 2706 524 2774 christi
546 2710 754 2775 natiuitatem
779 2706 916 2772 audito:
948 2704 988 2772 de
1012 2704 1085 2772 solis
1110 2702 1244 2773 obtene-

90 2812 93 2817 '
130 2804 296 2881 bratione,
318 2805 405 2897 apud
422 2805 528 2874 chrilli
553 2805 822 2875 crucifixionem:
852 2805 892 2873 de
917 2808 1010 2873 annis
1027 2803 1244 2898 qnadraginta
1319 2888 1322 2895 Ι

126 2922 162 2972 et
182 2902 233 2972 sex
249 2902 472 2973 aedificationis
496 2906 627 2999 templi:
654 2906 694 2975 de
713 2904 901 2995 dicemini,
927 2903 967 2973 ab
986 2905 1178 2974 Abrahamo
1196 2908 1242 2973 vi·

124 3002 181 3072 sa:
204 3002 245 3071 de
266 3002 346 3071 luda
367 3004 559 3098 proditore,
588 3030 669 3074 num
688 3004 742 3075 ille
768 3008 927 3098 particeps
948 3002 1054 3073 factus
1078 3000 1115 3073 fit
1139 3028 1240 3073 coenae
1355 3056 1358 3063 -

128 3104 326 3171 dominice:
350 3104 390 3173 dc
406 3108 477 3173 iure
494 3104 676 3175 iudeorum
699 3128 847 3199 tempore
863 3105 969 3175 christi
988 3108 1151 3200 patientis,
1164 3103 1239 3198 sup.

127 3202 226 3299 plicia
256 3203 407 3297 capitalia
430 3202 609 3275 inferendi:
635 3206 676 3275 de
701 3210 817 3274 itinere
847 3204 987 3275 sabbati:
1012 3205 1051 3275 de
1083 3204 1237 3301 episcopo

126 3304 226 3373 unius
246 3307 355 3371 uxoris
375 3307 467 3373 viro:
497 3304 562 3351 ***
590 3310 686 3397 Vlll.)
705 3304 819 3401 sylloge
839 3302 1089 3405 differreeicnum
1105 3306 1237 3403 philolo-

118 3412 219 3503 gico·
231 3404 477 3498 theologicarum
494 3405 539 3475 ad
550 3400 678 3502 selectos
699 3406 852 3505 quoidam
874 3427 984 3477 textus
1006 3412 1126 3478 vereris
1146 3406 1238 3497 telle-

92 3540 95 3545 ·
124 3506 238 3601 mecei,
262 3508 415 3597 Lugduni
428 3512 641 3577 Batauorum.
655 3526 856 3583 nibccxvu.
885 3532 921 3598 4.
953 3533 1016 3603 qua
1036 3502 1161 3603 plenius
1183 3530 1239 3574 ex·

87 3664 95 3677 .
126 3609 279 3703 ponitur:
299 3607 341 3678 cle
358 3606 587 3677 Melchisedeci
609 3607 757 3679 lhalem:
786 3607 949 3704 Tfipporae
973 3605 1235 3676 circumcilione:

123 3706 239 3779 vestitu
250 3730 364 3783 annuo
380 3707 569 3809 pontificis:
589 3710 684 3785 hirco
703 3709 857 3781 hazazelis
869 3736 880 3785 r,
900 3709 1022 3779 incestu
1038 3711 1162 3776 uetito:
1185 3705 1237 3772 di.

644 3807 772 3903 Fff4
1166 3808 1237 3873 uini

110 4024 132 4065 ⁴
150 4044 213 4087 ecee
234 4031 368 4098 nuditer.
389 4050 548 4095 noceri.
568 4051 599 4110 p·
618 4044 690 4110 483.

109 4115 148 4153 ¹¹*
167 4114 278 4173 iournel
291 4116 334 4174 uo
344 4116 445 4191 struant
464 4134 609 4177 nocere.
625 4115 765 4195 leptemlrr.
780 4136 808 4197 p.
826 4134 890 4195 ²97·
913 4134 1102 4178 nexuum
1124 4109 1232 4172 nouel-

141 4194 178 4254 lcs
205 4194 237 4253 dc
258 4194 283 4258 le
299 4182 452 4281 operique
470 4197 515 4259 des
536 4196 629 4259 enus
658 4219 818 4260 noccrx.
840 4202 897 4260 iurt.
914 4220 943 4281 p.
962 4202 1032 4275 625.
1062 4194 1233 4277 enfihuldige

138 4276 323 4355 ccaclricbcm,
347 4299 432 4360 ¹709·
450 4302 478 4361 p.
493 4282 561 4353 603.
580 4298 609 4343 et
630 4299 713 4361 ¹7¹¹·
738 4304 766 4360 p.
789 4300 857 4357 334.

105 4364 159 4405 *¹⁸*
198 4380 388 4427 eruuntur
414 4360 544 4449 courcelles
584 4362 617 4423 dc
643 4364 668 4423 lu
698 4364 852 4449 repellique
882 4364 926 4427 der
960 4362 1053 4427 lcrtro
1088 4376 1233 4425 uoeex.

135 4460 224 4509 aare.
255 4468 285 4527 p.
310 4466 379 4527 προ.
401 4466 465 4510 ecre
482 4442 616 4513 er'e'diror.
647 4468 809 4516 unccxr.
830 4468 861 4529 p.
888 4452 957 4511 161.
983 4460 1161 4510 cerrum
1190 4440 1233 4503 be·

134 4526 225 4593 rone
246 4550 303 4597 von
316 4529 604 4614 tenementum
620 4529 663 4599 cu
675 4531 783 4619 sclrrr'ft
806 4550 882 4618 parc.
894 4552 926 4593 v.
940 4552 969 4614 p.
990 4548 1058 4609 159.
